<?xml version="1.0" encoding="UTF-8"?>
<!DOCTYPE html PUBLIC "-//W3C//DTD XHTML 1.0 Transitional//EN"
    "http://www.w3.org/TR/xhtml1/DTD/xhtml1-transitional.dtd">
<html xmlns="http://www.w3.org/1999/xhtml" xml:lang="en" lang="en">
 <head>
  <title>
</title>
<meta http-equiv="Content-Type" content="text/html;charset=utf-8" />
  <meta name='ocr-system' content='tesseract 3.04.00' />
  <meta name='ocr-capabilities' content='ocr_page ocr_carea ocr_par ocr_line ocrx_word'/>
</head>
<body>
  <div class='ocr_page' id='page_1' title='image "MN42048ucmf_3_0317.png"; bbox 0 0 2139 3277; ppageno 0'>
   <div class='ocr_carea' id='block_1_1' title="bbox 312 175 951 242">
    <p class='ocr_par' dir='ltr' id='par_1_1' title="bbox 312 175 951 242">
     <span class='ocr_line' id='line_1_1' title="bbox 312 175 951 242; baseline -0.009 -11"><span class='ocrx_word' id='word_1_1' title='bbox 312 186 439 242; x_wconf 71' lang='lat' dir='ltr'>oocrnmn</span> <span class='ocrx_word' id='word_1_2' title='bbox 451 195 470 233; x_wconf 85' lang='lat' dir='ltr'>s.</span> <span class='ocrx_word' id='word_1_3' title='bbox 483 186 584 231; x_wconf 76' lang='lat' dir='ltr'>riroirna</span> <span class='ocrx_word' id='word_1_4' title='bbox 596 186 740 235; x_wconf 51' lang='lat' dir='ltr'>auunmrrs¹</span> <span class='ocrx_word' id='word_1_5' title='bbox 860 225 862 228; x_wconf 84' lang='grc'>,</span> <span class='ocrx_word' id='word_1_6' title='bbox 908 175 951 236; x_wconf 68' lang='lat'>267¹</span> 
     </span>
    </p>
   </div>
   <div class='ocr_carea' id='block_1_2' title="bbox 5 305 954 368">
    <p class='ocr_par' dir='ltr' id='par_1_2' title="bbox 5 305 954 368">
     <span class='ocr_line' id='line_1_2' title="bbox 5 305 954 368; baseline -0.006 -15"><span class='ocrx_word' id='word_1_7' title='bbox 5 321 10 328; x_wconf 75' lang='grc'><em>’</em></span> <span class='ocrx_word' id='word_1_8' title='bbox 102 309 243 367; x_wconf 84' lang='lat' dir='ltr'>opinionem,</span> <span class='ocrx_word' id='word_1_9' title='bbox 256 309 289 368; x_wconf 26' lang='lat' dir='ltr'>ob·</span> <span class='ocrx_word' id='word_1_10' title='bbox 299 312 440 355; x_wconf 71' lang='lat' dir='ltr'>decretalem</span> <span class='ocrx_word' id='word_1_11' title='bbox 451 310 583 356; x_wconf 79' lang='lat' dir='ltr'>innocentii</span> <span class='ocrx_word' id='word_1_12' title='bbox 596 310 642 359; x_wconf 87' lang='grc' dir='ltr'>ΙΙΙ,</span> <span class='ocrx_word' id='word_1_13' title='bbox 656 320 729 365; x_wconf 84' lang='lat' dir='ltr'>quam</span> <span class='ocrx_word' id='word_1_14' title='bbox 741 305 844 361; x_wconf 82' lang='lat' dir='ltr'>explicat</span> <span class='ocrx_word' id='word_1_15' title='bbox 855 307 883 348; x_wconf 93' lang='lat' dir='ltr'>ut</span> <span class='ocrx_word' id='word_1_16' title='bbox 893 305 954 360; x_wconf 88' lang='lat' dir='ltr'>prio-</span> 
     </span>
    </p>
   </div>
   <div class='ocr_carea' id='block_1_3' title="bbox 2 368 954 433">
    <p class='ocr_par' dir='ltr' id='par_1_3' title="bbox 2 361 954 433">
     <span class='ocr_line' id='line_1_3' title="bbox 2 368 954 433; baseline -0.004 -16"><span class='ocrx_word' id='word_1_17' title='bbox 2 368 4 370; x_wconf 29' lang='lat'><em>*</em></span> <span class='ocrx_word' id='word_1_18' title='bbox 100 388 137 419; x_wconf 89' lang='lat' dir='ltr'>res</span> <span class='ocrx_word' id='word_1_19' title='bbox 148 378 467 433; x_wconf 78' lang='lat' dir='ltr'>Decretatstae,·-p0stquam</span> <span class='ocrx_word' id='word_1_20' title='bbox 478 378 558 421; x_wconf 87' lang='lat' dir='ltr'>reiecit</span> <span class='ocrx_word' id='word_1_21' title='bbox 570 378 736 430; x_wconf 74' lang='lat' dir='ltr'><strong>argumentum</strong></span> <span class='ocrx_word' id='word_1_22' title='bbox 747 374 812 430; x_wconf 84' lang='lat' dir='ltr'>quod</span> <span class='ocrx_word' id='word_1_23' title='bbox 823 371 891 425; x_wconf 88' lang='lat' dir='ltr'>Papa</span> <span class='ocrx_word' id='word_1_24' title='bbox 901 384 954 425; x_wconf 92' lang='lat' dir='ltr'>pos-</span> 
     </span>
    </p>
   </div>
   <div class='ocr_carea' id='block_1_4' title="bbox 6 438 955 568">
    <p class='ocr_par' dir='ltr' id='par_1_4' title="bbox 6 438 955 568">
     <span class='ocr_line' id='line_1_4' title="bbox 6 438 949 498; baseline -0.005 -15"><span class='ocrx_word' id='word_1_25' title='bbox 6 477 12 483; x_wconf 36' lang='lat'>,</span> <span class='ocrx_word' id='word_1_26' title='bbox 40 440 48 449; x_wconf 69' lang='lat'>⁵</span> <span class='ocrx_word' id='word_1_27' title='bbox 67 448 71 451; x_wconf 74' lang='grc'>’</span> <span class='ocrx_word' id='word_1_28' title='bbox 96 446 138 498; x_wconf 60' lang='lat' dir='ltr'>&#39;set</span> <span class='ocrx_word' id='word_1_29' title='bbox 145 446 238 486; x_wconf 88' lang='lat' dir='ltr'>mutare</span> <span class='ocrx_word' id='word_1_30' title='bbox 246 444 407 489; x_wconf 85' lang='lat' dir='ltr'>substantiam</span> <span class='ocrx_word' id='word_1_31' title='bbox 416 445 456 493; x_wconf 89' lang='lat' dir='ltr'>rei,</span> <span class='ocrx_word' id='word_1_32' title='bbox 466 447 490 486; x_wconf 93' lang='lat' dir='ltr'>et</span> <span class='ocrx_word' id='word_1_33' title='bbox 498 446 526 486; x_wconf 91' lang='lat' dir='ltr'>de</span> <span class='ocrx_word' id='word_1_34' title='bbox 534 444 649 489; x_wconf 88' lang='lat' dir='ltr'>monacho</span> <span class='ocrx_word' id='word_1_35' title='bbox 658 443 735 486; x_wconf 88' lang='lat' dir='ltr'>faeere</span> <span class='ocrx_word' id='word_1_36' title='bbox 743 451 790 485; x_wconf 90' lang='lat' dir='ltr'>non</span> <span class='ocrx_word' id='word_1_37' title='bbox 798 438 949 498; x_wconf 81' lang='lat' dir='ltr'>monachum,</span> 
     </span>
     <span class='ocr_line' id='line_1_5' title="bbox 18 503 955 568; baseline 0 -20"><span class='ocrx_word' id='word_1_38' title='bbox 18 520 24 527; x_wconf 45' lang='lat'>&#39;¹</span> <span class='ocrx_word' id='word_1_39' title='bbox 58 554 60 556; x_wconf 41' lang='grc'>,</span> <span class='ocrx_word' id='word_1_40' title='bbox 99 523 110 548; x_wconf 77' lang='lat' dir='ltr'>r&lt;</span> <span class='ocrx_word' id='word_1_41' title='bbox 120 509 176 568; x_wconf 86' lang='lat' dir='ltr'>licet</span> <span class='ocrx_word' id='word_1_42' title='bbox 188 510 285 568; x_wconf 85' lang='lat' dir='ltr'>quidam</span> <span class='ocrx_word' id='word_1_43' title='bbox 298 510 396 553; x_wconf 86' lang='lat' dir='ltr'>iuristae</span> <span class='ocrx_word' id='word_1_44' title='bbox 408 511 542 564; x_wconf 69' lang='lat' dir='ltr'>ignoranter</span> <span class='ocrx_word' id='word_1_45' title='bbox 556 511 699 554; x_wconf 90' lang='lat' dir='ltr'>eontrarium</span> <span class='ocrx_word' id='word_1_46' title='bbox 713 509 794 552; x_wconf 86' lang='lat' dir='ltr'>dicant</span> <span class='ocrx_word' id='word_1_47' title='bbox 803 523 812 546; x_wconf 73' lang='lat' dir='ltr'>&gt;i</span> <span class='ocrx_word' id='word_1_48' title='bbox 823 505 864 560; x_wconf 83' lang='lat'>(1).</span> <span class='ocrx_word' id='word_1_49' title='bbox 879 503 955 548; x_wconf 75' lang='lat' dir='ltr'>Solvit</span> 
     </span>
    </p>
   </div>
   <div class='ocr_carea' id='block_1_5' title="bbox 5 575 983 897">
    <p class='ocr_par' dir='ltr' id='par_1_5' title="bbox 5 575 983 834">
     <span class='ocr_line' id='line_1_6' title="bbox 46 575 955 630; baseline 0 -14"><span class='ocrx_word' id='word_1_50' title='bbox 46 593 63 622; x_wconf 74' lang='grc' dir='ltr'>ς</span> <span class='ocrx_word' id='word_1_51' title='bbox 102 575 265 630; x_wconf 77' lang='lat' dir='ltr'>distinguendo</span> <span class='ocrx_word' id='word_1_52' title='bbox 279 577 343 622; x_wconf 90' lang='lat' dir='ltr'>inter</span> <span class='ocrx_word' id='word_1_53' title='bbox 356 577 450 618; x_wconf 88' lang='lat' dir='ltr'>clericos</span> <span class='ocrx_word' id='word_1_54' title='bbox 472 577 599 620; x_wconf 78' lang='lat' dir='ltr'>saeculares</span> <span class='ocrx_word' id='word_1_55' title='bbox 614 577 773 630; x_wconf 65' lang='lat' dir='ltr'>singulares,</span> <span class='ocrx_word' id='word_1_56' title='bbox 788 585 859 618; x_wconf 87' lang='lat' dir='ltr'>nam:</span> <span class='ocrx_word' id='word_1_57' title='bbox 882 580 955 616; x_wconf 78' lang='lat' dir='ltr'>«eon-</span> 
     </span>
     <span class='ocr_line' id='line_1_7' title="bbox 10 638 983 700; baseline -0.005 -16"><span class='ocrx_word' id='word_1_58' title='bbox 10 698 12 700; x_wconf 87' lang='lat'>.</span> <span class='ocrx_word' id='word_1_59' title='bbox 30 638 36 671; x_wconf 74' lang='lat' dir='ltr'>j</span> <span class='ocrx_word' id='word_1_60' title='bbox 82 644 85 650; x_wconf 76' lang='grc'><strong><em>”</em></strong></span> <span class='ocrx_word' id='word_1_61' title='bbox 102 642 253 687; x_wconf 81' lang='lat' dir='ltr'>siderandum</span> <span class='ocrx_word' id='word_1_62' title='bbox 266 646 302 684; x_wconf 87' lang='lat' dir='ltr'>est</span> <span class='ocrx_word' id='word_1_63' title='bbox 314 645 396 687; x_wconf 90' lang='lat' dir='ltr'>utrum</span> <span class='ocrx_word' id='word_1_64' title='bbox 409 643 558 687; x_wconf 86' lang='lat' dir='ltr'>continentia</span> <span class='ocrx_word' id='word_1_65' title='bbox 564 643 595 685; x_wconf 90' lang='lat' dir='ltr'>sit</span> <span class='ocrx_word' id='word_1_66' title='bbox 608 643 762 687; x_wconf 87' lang='lat' dir='ltr'>essentialiter</span> <span class='ocrx_word' id='word_1_67' title='bbox 775 649 867 691; x_wconf 74' lang='lat' dir='ltr'>annexa</span> <span class='ocrx_word' id='word_1_68' title='bbox 879 639 906 688; x_wconf 87' lang='lat' dir='ltr'>ei,</span> <span class='ocrx_word' id='word_1_69' title='bbox 920 638 949 680; x_wconf 89' lang='lat' dir='ltr'>ad</span> <span class='ocrx_word' id='word_1_70' title='bbox 981 672 983 675; x_wconf 66' lang='grc'>,</span> 
     </span>
     <span class='ocr_line' id='line_1_8' title="bbox 5 701 952 762; baseline -0.01 -7"><span class='ocrx_word' id='word_1_71' title='bbox 5 701 7 703; x_wconf 39' lang='grc'><strong>’</strong></span> <span class='ocrx_word' id='word_1_72' title='bbox 24 713 28 733; x_wconf 72' lang='lat'><em>³</em></span> <span class='ocrx_word' id='word_1_73' title='bbox 45 759 48 761; x_wconf 66' lang='lat'>‚</span> <span class='ocrx_word' id='word_1_74' title='bbox 85 712 167 762; x_wconf 70' lang='lat' dir='ltr'>„quod</span> <span class='ocrx_word' id='word_1_75' title='bbox 178 712 262 752; x_wconf 82' lang='lat' dir='ltr'>votum</span> <span class='ocrx_word' id='word_1_76' title='bbox 277 703 443 753; x_wconf 69' lang='lat' dir='ltr'>solemnizatur</span> <span class='ocrx_word' id='word_1_77' title='bbox 453 725 468 751; x_wconf 78' lang='lat' dir='ltr'>u.</span> <span class='ocrx_word' id='word_1_78' title='bbox 483 710 589 752; x_wconf 77' lang='lat' dir='ltr'>Iamvero</span> <span class='ocrx_word' id='word_1_79' title='bbox 604 711 699 752; x_wconf 89' lang='lat' dir='ltr'>nonest</span> <span class='ocrx_word' id='word_1_80' title='bbox 713 707 867 757; x_wconf 73' lang='lat' dir='ltr'>essentialiter</span> <span class='ocrx_word' id='word_1_81' title='bbox 881 715 952 749; x_wconf 85' lang='lat' dir='ltr'>anne-</span> 
     </span>
     <span class='ocr_line' id='line_1_9' title="bbox 10 769 947 834; baseline -0.004 -17"><span class='ocrx_word' id='word_1_82' title='bbox 10 774 14 817; x_wconf 79' lang='lat' dir='ltr'>i</span> <span class='ocrx_word' id='word_1_83' title='bbox 30 773 46 834; x_wconf 24' lang='lat'>⁷:</span> <span class='ocrx_word' id='word_1_84' title='bbox 101 774 159 818; x_wconf 74' lang='lat' dir='ltr'>&gt;rum</span> <span class='ocrx_word' id='word_1_85' title='bbox 171 775 276 818; x_wconf 87' lang='lat' dir='ltr'>debitum</span> <span class='ocrx_word' id='word_1_86' title='bbox 288 769 447 828; x_wconf 77' lang='lat' dir='ltr'>continentiae</span> <span class='ocrx_word' id='word_1_87' title='bbox 459 775 533 832; x_wconf 82' lang='lat' dir='ltr'>ordini</span> <span class='ocrx_word' id='word_1_88' title='bbox 545 787 617 822; x_wconf 83' lang='lat' dir='ltr'>saerO,</span> <span class='ocrx_word' id='word_1_89' title='bbox 630 775 669 817; x_wconf 88' lang='lat' dir='ltr'>scd</span> <span class='ocrx_word' id='word_1_90' title='bbox 680 786 709 815; x_wconf 81' lang='lat' dir='ltr'>ex</span> <span class='ocrx_word' id='word_1_91' title='bbox 720 776 811 816; x_wconf 85' lang='lat' dir='ltr'>statuto</span> <span class='ocrx_word' id='word_1_92' title='bbox 822 772 947 819; x_wconf 80' lang='lat' dir='ltr'>Ecclesiae,</span> 
     </span>
    </p>

    <p class='ocr_par' dir='ltr' id='par_1_6' title="bbox 32 835 946 897">
     <span class='ocr_line' id='line_1_10' title="bbox 32 835 946 897; baseline -0.007 -12"><span class='ocrx_word' id='word_1_93' title='bbox 32 868 43 875; x_wconf 80' lang='lat'>-—</span> <span class='ocrx_word' id='word_1_94' title='bbox 101 843 164 887; x_wconf 89' lang='lat' dir='ltr'>unde</span> <span class='ocrx_word' id='word_1_95' title='bbox 173 855 215 896; x_wconf 88' lang='lat' dir='ltr'>per</span> <span class='ocrx_word' id='word_1_96' title='bbox 226 842 354 886; x_wconf 81' lang='lat' dir='ltr'>Ecclesiam</span> <span class='ocrx_word' id='word_1_97' title='bbox 366 843 494 897; x_wconf 85' lang='lat' dir='ltr'>dispensari</span> <span class='ocrx_word' id='word_1_98' title='bbox 504 844 591 897; x_wconf 85' lang='lat' dir='ltr'>potest.</span> <span class='ocrx_word' id='word_1_99' title='bbox 603 857 611 879; x_wconf 78' lang='lat' dir='ltr'>r</span> <span class='ocrx_word' id='word_1_100' title='bbox 622 835 665 883; x_wconf 89' lang='lat' dir='ltr'>Est</span> <span class='ocrx_word' id='word_1_101' title='bbox 676 838 888 890; x_wconf 84' lang='lat' dir='ltr'>autemessentiale</span> <span class='ocrx_word' id='word_1_102' title='bbox 899 840 946 879; x_wconf 89' lang='lat' dir='ltr'>sta-</span> 
     </span>
    </p>
   </div>
   <div class='ocr_carea' id='block_1_6' title="bbox 38 899 951 962">
    <p class='ocr_par' dir='ltr' id='par_1_7' title="bbox 38 899 951 962">
     <span class='ocr_line' id='line_1_11' title="bbox 38 899 951 962; baseline -0.004 -14"><span class='ocrx_word' id='word_1_103' title='bbox 38 912 39 915; x_wconf 77' lang='grc'>’</span> <span class='ocrx_word' id='word_1_104' title='bbox 100 909 138 952; x_wconf 91' lang='lat' dir='ltr'>tui</span> <span class='ocrx_word' id='word_1_105' title='bbox 147 908 287 962; x_wconf 78' lang='lat' dir='ltr'>religionis...</span> <span class='ocrx_word' id='word_1_106' title='bbox 301 911 324 950; x_wconf 89' lang='lat' dir='ltr'>et</span> <span class='ocrx_word' id='word_1_107' title='bbox 334 909 394 958; x_wconf 87' lang='lat' dir='ltr'>ideo,</span> <span class='ocrx_word' id='word_1_108' title='bbox 405 910 430 953; x_wconf 88' lang='lat' dir='ltr'>in</span> <span class='ocrx_word' id='word_1_109' title='bbox 439 912 496 953; x_wconf 84' lang='lat' dir='ltr'>voto</span> <span class='ocrx_word' id='word_1_110' title='bbox 508 899 659 952; x_wconf 70' lang='lat' dir='ltr'>solemnizato</span> <span class='ocrx_word' id='word_1_111' title='bbox 669 920 711 962; x_wconf 86' lang='lat' dir='ltr'>per</span> <span class='ocrx_word' id='word_1_112' title='bbox 721 905 890 961; x_wconf 81' lang='lat' dir='ltr'>professionem</span> <span class='ocrx_word' id='word_1_113' title='bbox 899 904 951 945; x_wconf 89' lang='lat' dir='ltr'>reli-</span> 
     </span>
    </p>
   </div>
   <div class='ocr_carea' id='block_1_7' title="bbox 15 963 952 1096">
    <p class='ocr_par' dir='ltr' id='par_1_8' title="bbox 8 963 952 1096">
     <span class='ocr_line' id='line_1_12' title="bbox 56 963 950 1029; baseline -0.006 -13.306"><span class='ocrx_word' id='word_1_114' title='bbox 56 963 59 966; x_wconf 30' lang='lat'><em>*</em></span> <span class='ocrx_word' id='word_1_115' title='bbox 81 987 86 1026; x_wconf 68' lang='grc' dir='ltr'>’ζ</span> <span class='ocrx_word' id='word_1_116' title='bbox 102 975 176 1028; x_wconf 85' lang='lat' dir='ltr'>gionis</span> <span class='ocrx_word' id='word_1_117' title='bbox 188 987 235 1020; x_wconf 89' lang='lat' dir='ltr'>non</span> <span class='ocrx_word' id='word_1_118' title='bbox 245 978 325 1028; x_wconf 84' lang='lat' dir='ltr'>potest</span> <span class='ocrx_word' id='word_1_119' title='bbox 335 988 377 1028; x_wconf 88' lang='lat' dir='ltr'>per</span> <span class='ocrx_word' id='word_1_120' title='bbox 388 976 516 1019; x_wconf 88' lang='lat' dir='ltr'>Ecclesiam</span> <span class='ocrx_word' id='word_1_121' title='bbox 528 974 655 1029; x_wconf 82' lang='lat' dir='ltr'>dispensari</span> <span class='ocrx_word' id='word_1_122' title='bbox 666 989 681 1022; x_wconf 75' lang='lat' dir='ltr'>i,</span> <span class='ocrx_word' id='word_1_123' title='bbox 694 977 717 1015; x_wconf 88' lang='lat' dir='ltr'>et</span> <span class='ocrx_word' id='word_1_124' title='bbox 727 973 843 1017; x_wconf 88' lang='lat' dir='ltr'>rationem</span> <span class='ocrx_word' id='word_1_125' title='bbox 853 971 950 1014; x_wconf 86' lang='lat' dir='ltr'>invocat</span> 
     </span>
     <span class='ocr_line' id='line_1_13' title="bbox 15 1037 952 1096; baseline -0.005 -14"><span class='ocrx_word' id='word_1_126' title='bbox 15 1075 17 1077; x_wconf 61' lang='grc'>,</span> <span class='ocrx_word' id='word_1_127' title='bbox 100 1041 124 1086; x_wconf 91' lang='lat' dir='ltr'>in</span> <span class='ocrx_word' id='word_1_128' title='bbox 140 1042 192 1095; x_wconf 92' lang='lat' dir='ltr'>ipsa</span> <span class='ocrx_word' id='word_1_129' title='bbox 210 1042 320 1083; x_wconf 87' lang='lat' dir='ltr'>decretali</span> <span class='ocrx_word' id='word_1_130' title='bbox 338 1041 488 1095; x_wconf 78' lang='lat' dir='ltr'>assignatam,</span> <span class='ocrx_word' id='word_1_131' title='bbox 505 1043 562 1096; x_wconf 89' lang='lat' dir='ltr'>quia</span> <span class='ocrx_word' id='word_1_132' title='bbox 580 1040 677 1082; x_wconf 88' lang='lat' dir='ltr'>castitas</span> <span class='ocrx_word' id='word_1_133' title='bbox 695 1043 731 1082; x_wconf 88' lang='lat' dir='ltr'>est</span> <span class='ocrx_word' id='word_1_134' title='bbox 748 1049 840 1083; x_wconf 73' lang='lat' dir='ltr'>annexa</span> <span class='ocrx_word' id='word_1_135' title='bbox 857 1037 952 1090; x_wconf 82' lang='lat' dir='ltr'>regulae</span> 
     </span>
    </p>
   </div>
   <div class='ocr_carea' id='block_1_8' title="bbox 7 1096 286 1162">
    <p class='ocr_par' dir='ltr' id='par_1_9' title="bbox 7 1096 286 1162">
     <span class='ocr_line' id='line_1_14' title="bbox 7 1096 286 1162; baseline 0 -13"><span class='ocrx_word' id='word_1_136' title='bbox 7 1096 28 1129; x_wconf 79' lang='grc'>’-</span> <span class='ocrx_word' id='word_1_137' title='bbox 100 1109 254 1162; x_wconf 72' lang='lat' dir='ltr'>monachat(</span> <span class='ocrx_word' id='word_1_138' title='bbox 270 1108 286 1162; x_wconf 82' lang='lat'>).</span> 
     </span>
    </p>
   </div>
   <div class='ocr_carea' id='block_1_9' title="bbox 22 1164 951 1293">
    <p class='ocr_par' dir='ltr' id='par_1_10' title="bbox 14 1155 951 1293">
     <span class='ocr_line' id='line_1_15' title="bbox 69 1164 951 1235; baseline -0.003 -19.176"><span class='ocrx_word' id='word_1_139' title='bbox 69 1177 76 1235; x_wconf 41' lang='lat' dir='ltr'>J</span> <span class='ocrx_word' id='word_1_140' title='bbox 99 1203 100 1207; x_wconf 66' lang='lat'>,</span> <span class='ocrx_word' id='word_1_141' title='bbox 129 1174 151 1216; x_wconf 85' lang='lat'>5.</span> <span class='ocrx_word' id='word_1_142' title='bbox 169 1175 203 1216; x_wconf 91' lang='lat' dir='ltr'>De</span> <span class='ocrx_word' id='word_1_143' title='bbox 217 1175 306 1215; x_wconf 78' lang='lat' dir='ltr'>auctore</span> <span class='ocrx_word' id='word_1_144' title='bbox 318 1164 498 1227; x_wconf 77' lang='lat' dir='ltr'>dispensationis</span> <span class='ocrx_word' id='word_1_145' title='bbox 509 1173 631 1228; x_wconf 89' lang='lat' dir='ltr'>perspicue</span> <span class='ocrx_word' id='word_1_146' title='bbox 643 1173 754 1228; x_wconf 87' lang='lat' dir='ltr'>loquitur,</span> <span class='ocrx_word' id='word_1_147' title='bbox 769 1176 793 1214; x_wconf 91' lang='lat' dir='ltr'>et</span> <span class='ocrx_word' id='word_1_148' title='bbox 804 1172 872 1216; x_wconf 82' lang='lat' dir='ltr'>novis</span> <span class='ocrx_word' id='word_1_149' title='bbox 885 1179 951 1224; x_wconf 86' lang='lat' dir='ltr'>argu-</span> 
     </span>
     <span class='ocr_line' id='line_1_16' title="bbox 22 1237 949 1293; baseline -0.002 -13"><span class='ocrx_word' id='word_1_150' title='bbox 22 1242 25 1243; x_wconf 72' lang='grc'>’</span> <span class='ocrx_word' id='word_1_151' title='bbox 62 1247 67 1293; x_wconf 70' lang='lat' dir='ltr'>j</span> <span class='ocrx_word' id='word_1_152' title='bbox 86 1241 188 1283; x_wconf 76' lang='lat' dir='ltr'>vruentis</span> <span class='ocrx_word' id='word_1_153' title='bbox 203 1240 295 1283; x_wconf 85' lang='lat' dir='ltr'>stabilit</span> <span class='ocrx_word' id='word_1_154' title='bbox 311 1241 443 1285; x_wconf 87' lang='lat' dir='ltr'>doctrinam</span> <span class='ocrx_word' id='word_1_155' title='bbox 459 1241 657 1285; x_wconf 87' lang='lat' dir='ltr'>communiorem:</span> <span class='ocrx_word' id='word_1_156' title='bbox 672 1257 681 1279; x_wconf 67' lang='lat' dir='ltr'>&lt;r</span> <span class='ocrx_word' id='word_1_157' title='bbox 692 1241 720 1283; x_wconf 89' lang='lat' dir='ltr'>ln</span> <span class='ocrx_word' id='word_1_158' title='bbox 734 1238 830 1293; x_wconf 84' lang='lat' dir='ltr'>publica</span> <span class='ocrx_word' id='word_1_159' title='bbox 843 1239 892 1290; x_wconf 86' lang='lat' dir='ltr'>lege</span> <span class='ocrx_word' id='word_1_160' title='bbox 905 1237 949 1279; x_wconf 90' lang='lat' dir='ltr'>hu·</span> 
     </span>
    </p>
   </div>
   <div class='ocr_carea' id='block_1_10' title="bbox 39 1303 950 1361">
    <p class='ocr_par' dir='ltr' id='par_1_11' title="bbox 39 1303 950 1361">
     <span class='ocr_line' id='line_1_17' title="bbox 39 1303 950 1361; baseline -0.005 -13"><span class='ocrx_word' id='word_1_161' title='bbox 39 1345 49 1358; x_wconf 65' lang='grc'>,</span> <span class='ocrx_word' id='word_1_162' title='bbox 100 1308 177 1361; x_wconf 83' lang='lat' dir='ltr'>mana</span> <span class='ocrx_word' id='word_1_163' title='bbox 184 1307 262 1351; x_wconf 88' lang='lat' dir='ltr'>nullus</span> <span class='ocrx_word' id='word_1_164' title='bbox 273 1310 354 1361; x_wconf 88' lang='lat' dir='ltr'>potest</span> <span class='ocrx_word' id='word_1_165' title='bbox 367 1308 507 1361; x_wconf 85' lang='lat' dir='ltr'>dispensare,</span> <span class='ocrx_word' id='word_1_166' title='bbox 521 1308 565 1352; x_wconf 87' lang='lat' dir='ltr'>nisi</span> <span class='ocrx_word' id='word_1_167' title='bbox 576 1307 615 1348; x_wconf 87' lang='lat' dir='ltr'>ille</span> <span class='ocrx_word' id='word_1_168' title='bbox 628 1321 641 1349; x_wconf 91' lang='lat' dir='ltr'>a</span> <span class='ocrx_word' id='word_1_169' title='bbox 652 1320 698 1361; x_wconf 84' lang='lat' dir='ltr'>quo</span> <span class='ocrx_word' id='word_1_170' title='bbox 712 1305 752 1348; x_wconf 57' lang='lat' dir='ltr'>lex·</span> <span class='ocrx_word' id='word_1_171' title='bbox 761 1305 835 1348; x_wconf 88' lang='lat' dir='ltr'>habet</span> <span class='ocrx_word' id='word_1_172' title='bbox 848 1303 950 1347; x_wconf 84' lang='lat' dir='ltr'>auctori-</span> 
     </span>
    </p>
   </div>
   <div class='ocr_carea' id='block_1_11' title="bbox 23 1368 949 1427">
    <p class='ocr_par' dir='ltr' id='par_1_12' title="bbox 23 1368 949 1427">
     <span class='ocr_line' id='line_1_18' title="bbox 23 1368 949 1427; baseline -0.002 -13"><span class='ocrx_word' id='word_1_173' title='bbox 23 1368 25 1371; x_wconf 61' lang='grc'>’</span> <span class='ocrx_word' id='word_1_174' title='bbox 53 1403 55 1406; x_wconf 28' lang='grc' dir='ltr'><em>ι</em></span> <span class='ocrx_word' id='word_1_175' title='bbox 100 1376 183 1423; x_wconf 87' lang='lat' dir='ltr'>tatem,</span> <span class='ocrx_word' id='word_1_176' title='bbox 199 1374 238 1417; x_wconf 78' lang='lat' dir='ltr'>vel</span> <span class='ocrx_word' id='word_1_177' title='bbox 252 1374 290 1417; x_wconf 90' lang='lat' dir='ltr'>cui</span> <span class='ocrx_word' id='word_1_178' title='bbox 305 1374 343 1415; x_wconf 84' lang='lat' dir='ltr'>ille</span> <span class='ocrx_word' id='word_1_179' title='bbox 359 1375 504 1418; x_wconf 86' lang='lat' dir='ltr'>commiserit</span> <span class='ocrx_word' id='word_1_180' title='bbox 513 1388 537 1422; x_wconf 77' lang='lat'>»3</span> <span class='ocrx_word' id='word_1_181' title='bbox 553 1390 562 1413; x_wconf 77' lang='lat' dir='ltr'>r</span> <span class='ocrx_word' id='word_1_182' title='bbox 572 1372 667 1418; x_wconf 78' lang='lat' dir='ltr'>inferior</span> <span class='ocrx_word' id='word_1_183' title='bbox 682 1376 762 1427; x_wconf 89' lang='lat' dir='ltr'>potest</span> <span class='ocrx_word' id='word_1_184' title='bbox 778 1372 912 1426; x_wconf 87' lang='lat' dir='ltr'>dispensare</span> <span class='ocrx_word' id='word_1_185' title='bbox 925 1369 949 1412; x_wconf 87' lang='lat' dir='ltr'>in</span> 
     </span>
    </p>
   </div>
   <div class='ocr_carea' id='block_1_12' title="bbox 73 1438 953 1628">
    <p class='ocr_par' dir='ltr' id='par_1_13' title="bbox 20 1415 953 1628">
     <span class='ocr_line' id='line_1_19' title="bbox 73 1438 951 1502; baseline -0.003 -21.171"><span class='ocrx_word' id='word_1_186' title='bbox 73 1497 78 1502; x_wconf 70' lang='lat'>,</span> <span class='ocrx_word' id='word_1_187' title='bbox 98 1441 231 1495; x_wconf 87' lang='lat' dir='ltr'>praeceptis</span> <span class='ocrx_word' id='word_1_188' title='bbox 247 1440 380 1494; x_wconf 84' lang='lat' dir='ltr'>superioris,</span> <span class='ocrx_word' id='word_1_189' title='bbox 398 1442 492 1495; x_wconf 88' lang='lat' dir='ltr'>quando</span> <span class='ocrx_word' id='word_1_190' title='bbox 509 1441 553 1483; x_wconf 84' lang='lat' dir='ltr'>sihi</span> <span class='ocrx_word' id='word_1_191' title='bbox 568 1440 716 1494; x_wconf 88' lang='lat' dir='ltr'>permittitur</span> <span class='ocrx_word' id='word_1_192' title='bbox 733 1453 747 1482; x_wconf 91' lang='lat' dir='ltr'>a</span> <span class='ocrx_word' id='word_1_193' title='bbox 763 1438 887 1493; x_wconf 85' lang='lat' dir='ltr'>superiore,</span> <span class='ocrx_word' id='word_1_194' title='bbox 904 1448 951 1481; x_wconf 86' lang='lat' dir='ltr'>non</span> 
     </span>
     <span class='ocr_line' id='line_1_20' title="bbox 89 1505 951 1560; baseline -0.007 -10"><span class='ocrx_word' id='word_1_195' title='bbox 89 1511 181 1551; x_wconf 79' lang='lat' dir='ltr'>&#39;autem</span> <span class='ocrx_word' id='word_1_196' title='bbox 198 1505 282 1550; x_wconf 77' lang='lat' dir='ltr'>aliter»</span> <span class='ocrx_word' id='word_1_197' title='bbox 294 1506 335 1560; x_wconf 86' lang='lat'>(4).</span> <span class='ocrx_word' id='word_1_198' title='bbox 354 1506 383 1549; x_wconf 90' lang='lat' dir='ltr'>R.</span> <span class='ocrx_word' id='word_1_199' title='bbox 401 1507 513 1551; x_wconf 81' lang='lat' dir='ltr'>Pontifex</span> <span class='ocrx_word' id='word_1_200' title='bbox 529 1523 537 1546; x_wconf 81' lang='lat' dir='ltr'>r</span> <span class='ocrx_word' id='word_1_201' title='bbox 548 1519 601 1550; x_wconf 89' lang='lat' dir='ltr'>cum</span> <span class='ocrx_word' id='word_1_202' title='bbox 617 1506 706 1549; x_wconf 85' lang='lat' dir='ltr'>habeat</span> <span class='ocrx_word' id='word_1_203' title='bbox 722 1505 893 1560; x_wconf 90' lang='lat' dir='ltr'>plenitudinem</span> <span class='ocrx_word' id='word_1_204' title='bbox 909 1515 951 1557; x_wconf 90' lang='lat' dir='ltr'>po-</span> 
     </span>
     <span class='ocr_line' id='line_1_21' title="bbox 99 1568 953 1628; baseline -0.004 -15"><span class='ocrx_word' id='word_1_205' title='bbox 99 1574 195 1617; x_wconf 87' lang='lat' dir='ltr'>testatis</span> <span class='ocrx_word' id='word_1_206' title='bbox 204 1574 229 1617; x_wconf 91' lang='lat' dir='ltr'>in</span> <span class='ocrx_word' id='word_1_207' title='bbox 240 1573 351 1622; x_wconf 87' lang='lat' dir='ltr'>Ecclesia,</span> <span class='ocrx_word' id='word_1_208' title='bbox 363 1586 525 1628; x_wconf 87' lang='lat' dir='ltr'>quaecumque</span> <span class='ocrx_word' id='word_1_209' title='bbox 535 1573 648 1617; x_wconf 87' lang='lat' dir='ltr'>instituta</span> <span class='ocrx_word' id='word_1_210' title='bbox 658 1575 714 1616; x_wconf 88' lang='lat' dir='ltr'>sunt</span> <span class='ocrx_word' id='word_1_211' title='bbox 723 1585 764 1626; x_wconf 90' lang='lat' dir='ltr'>per</span> <span class='ocrx_word' id='word_1_212' title='bbox 775 1571 905 1613; x_wconf 86' lang='lat' dir='ltr'>Ecclesiam</span> <span class='ocrx_word' id='word_1_213' title='bbox 914 1568 953 1613; x_wconf 87' lang='lat' dir='ltr'>vel</span> 
     </span>
    </p>
   </div>
   <div class='ocr_carea' id='block_1_13' title="bbox 101 1636 952 1695">
    <p class='ocr_par' dir='ltr' id='par_1_14' title="bbox 36 1636 952 1695">
     <span class='ocr_line' id='line_1_22' title="bbox 101 1636 952 1695; baseline -0.005 -14.355"><span class='ocrx_word' id='word_1_214' title='bbox 101 1638 219 1683; x_wconf 86' lang='lat' dir='ltr'>Ecclesiae</span> <span class='ocrx_word' id='word_1_215' title='bbox 235 1640 361 1694; x_wconf 86' lang='lat' dir='ltr'>praelatos,</span> <span class='ocrx_word' id='word_1_216' title='bbox 378 1652 420 1694; x_wconf 82' lang='lat' dir='ltr'>per</span> <span class='ocrx_word' id='word_1_217' title='bbox 437 1652 490 1684; x_wconf 85' lang='lat' dir='ltr'>eum</span> <span class='ocrx_word' id='word_1_218' title='bbox 508 1638 675 1695; x_wconf 88' lang='lat' dir='ltr'>dispensabilia</span> <span class='ocrx_word' id='word_1_219' title='bbox 692 1642 765 1683; x_wconf 79' lang='lat' dir='ltr'>sunt»</span> <span class='ocrx_word' id='word_1_220' title='bbox 776 1638 818 1694; x_wconf 83' lang='lat'>(5).</span> <span class='ocrx_word' id='word_1_221' title='bbox 836 1637 868 1679; x_wconf 89' lang='lat' dir='ltr'>Et</span> <span class='ocrx_word' id='word_1_222' title='bbox 885 1636 952 1680; x_wconf 88' lang='lat' dir='ltr'>addit</span> 
     </span>
    </p>
   </div>
   <div class='ocr_carea' id='block_1_14' title="bbox 121 1788 955 1892">
    <p class='ocr_par' dir='ltr' id='par_1_15' title="bbox 121 1788 955 1892">
     <span class='ocr_line' id='line_1_23' title="bbox 129 1788 765 1833; baseline 0.006 -10"><span class='ocrx_word' id='word_1_223' title='bbox 129 1788 160 1833; x_wconf 91' lang='lat'>(1)</span> <span class='ocrx_word' id='word_1_224' title='bbox 175 1788 205 1825; x_wconf 81' lang='lat' dir='ltr'>Cf.</span> <span class='ocrx_word' id='word_1_225' title='bbox 215 1798 285 1833; x_wconf 81' lang='lat' dir='ltr'>supra,</span> <span class='ocrx_word' id='word_1_226' title='bbox 293 1798 314 1833; x_wconf 89' lang='lat' dir='ltr'>p.</span> <span class='ocrx_word' id='word_1_227' title='bbox 324 1788 371 1825; x_wconf 84' lang='lat'>216.</span> <span class='ocrx_word' id='word_1_228' title='bbox 763 1824 765 1827; x_wconf 92' lang='lat'>.</span> 
     </span>
     <span class='ocr_line' id='line_1_24' title="bbox 121 1842 955 1892; baseline -0.001 -11"><span class='ocrx_word' id='word_1_229' title='bbox 121 1844 161 1889; x_wconf 65' lang='grc'>’(2)</span> <span class='ocrx_word' id='word_1_230' title='bbox 177 1844 206 1881; x_wconf 87' lang='lat' dir='ltr'>Cf.</span> <span class='ocrx_word' id='word_1_231' title='bbox 219 1844 246 1880; x_wconf 93' lang='lat' dir='ltr'>II.</span> <span class='ocrx_word' id='word_1_232' title='bbox 259 1844 287 1888; x_wconf 88' lang='lat' dir='ltr'>Il,</span> <span class='ocrx_word' id='word_1_233' title='bbox 299 1855 319 1889; x_wconf 89' lang='lat' dir='ltr'>q.</span> <span class='ocrx_word' id='word_1_234' title='bbox 330 1844 363 1887; x_wconf 84' lang='lat'>88,</span> <span class='ocrx_word' id='word_1_235' title='bbox 373 1854 392 1882; x_wconf 85' lang='lat' dir='ltr'>a.</span> <span class='ocrx_word' id='word_1_236' title='bbox 404 1845 436 1888; x_wconf 87' lang='lat'>11,</span> <span class='ocrx_word' id='word_1_237' title='bbox 446 1845 469 1880; x_wconf 95' lang='lat' dir='ltr'>in</span> <span class='ocrx_word' id='word_1_238' title='bbox 479 1854 534 1892; x_wconf 85' lang='lat' dir='ltr'>corp.</span> <span class='ocrx_word' id='word_1_239' title='bbox 545 1863 572 1870; x_wconf 90' lang='lat'><em>-</em></span> <span class='ocrx_word' id='word_1_240' title='bbox 581 1845 720 1888; x_wconf 60' lang='lat' dir='ltr'>securamen,</span> <span class='ocrx_word' id='word_1_241' title='bbox 731 1855 748 1882; x_wconf 86' lang='lat' dir='ltr'>o.</span> <span class='ocrx_word' id='word_1_242' title='bbox 759 1855 782 1888; x_wconf 88' lang='lat' dir='ltr'>c.,</span> <span class='ocrx_word' id='word_1_243' title='bbox 792 1852 813 1890; x_wconf 89' lang='lat' dir='ltr'>p.</span> <span class='ocrx_word' id='word_1_244' title='bbox 825 1845 870 1880; x_wconf 82' lang='lat'>190.</span> <span class='ocrx_word' id='word_1_245' title='bbox 881 1862 908 1869; x_wconf 87' lang='lat'>-</span> <span class='ocrx_word' id='word_1_246' title='bbox 931 1842 955 1880; x_wconf 90' lang='lat' dir='ltr'>In</span> 
     </span>
    </p>
   </div>
   <div class='ocr_carea' id='block_1_15' title="bbox 7 1896 993 2171">
    <p class='ocr_par' dir='ltr' id='par_1_16' title="bbox 7 1896 993 2171">
     <span class='ocr_line' id='line_1_25' title="bbox 26 1896 956 1946; baseline -0.004 -8"><span class='ocrx_word' id='word_1_247' title='bbox 26 1900 29 1903; x_wconf 53' lang='lat'><em>⁴</em></span> <span class='ocrx_word' id='word_1_248' title='bbox 102 1901 138 1938; x_wconf 77' lang='lat' dir='ltr'>art</span> <span class='ocrx_word' id='word_1_249' title='bbox 150 1901 174 1936; x_wconf 83' lang='lat'>12</span> <span class='ocrx_word' id='word_1_250' title='bbox 185 1901 213 1938; x_wconf 84' lang='lat' dir='ltr'>ad</span> <span class='ocrx_word' id='word_1_251' title='bbox 224 1901 258 1935; x_wconf 84' lang='lat' dir='ltr'>2m</span> <span class='ocrx_word' id='word_1_252' title='bbox 268 1901 348 1937; x_wconf 87' lang='lat' dir='ltr'>alludit</span> <span class='ocrx_word' id='word_1_253' title='bbox 359 1902 425 1937; x_wconf 86' lang='lat' dir='ltr'>etiam</span> <span class='ocrx_word' id='word_1_254' title='bbox 436 1902 464 1937; x_wconf 83' lang='lat' dir='ltr'>ad</span> <span class='ocrx_word' id='word_1_255' title='bbox 475 1896 603 1944; x_wconf 78' lang='lat' dir='ltr'>canonistas,</span> <span class='ocrx_word' id='word_1_256' title='bbox 616 1902 705 1937; x_wconf 89' lang='lat' dir='ltr'>dicendo</span> <span class='ocrx_word' id='word_1_257' title='bbox 716 1912 720 1936; x_wconf 89' lang='lat'>:</span> <span class='ocrx_word' id='word_1_258' title='bbox 731 1915 739 1933; x_wconf 72' lang='lat' dir='ltr'>e</span> <span class='ocrx_word' id='word_1_259' title='bbox 748 1902 836 1946; x_wconf 87' lang='lat' dir='ltr'>quidam</span> <span class='ocrx_word' id='word_1_260' title='bbox 848 1901 956 1943; x_wconf 78' lang='lat' dir='ltr'>dixerunt,</span> 
     </span>
     <span class='ocr_line' id='line_1_26' title="bbox 31 1957 955 2007; baseline 0.001 -16"><span class='ocrx_word' id='word_1_261' title='bbox 31 2000 34 2004; x_wconf 10' lang='grc' dir='ltr'><strong>ἢ</strong></span> <span class='ocrx_word' id='word_1_262' title='bbox 44 1970 56 1979; x_wconf 70' lang='lat'><em>.</em></span> <span class='ocrx_word' id='word_1_263' title='bbox 103 1958 162 2001; x_wconf 88' lang='lat' dir='ltr'>quod</span> <span class='ocrx_word' id='word_1_264' title='bbox 171 1958 217 1992; x_wconf 88' lang='lat' dir='ltr'>ideo</span> <span class='ocrx_word' id='word_1_265' title='bbox 228 1957 321 2001; x_wconf 85' lang='lat' dir='ltr'>praelati</span> <span class='ocrx_word' id='word_1_266' title='bbox 330 1958 423 2007; x_wconf 86' lang='lat' dir='ltr'>possunt</span> <span class='ocrx_word' id='word_1_267' title='bbox 432 1958 454 1993; x_wconf 91' lang='lat' dir='ltr'>in</span> <span class='ocrx_word' id='word_1_268' title='bbox 465 1959 521 1993; x_wconf 83' lang='lat' dir='ltr'>votis</span> <span class='ocrx_word' id='word_1_269' title='bbox 531 1967 569 2004; x_wconf 65' lang='lat' dir='ltr'>iro</span> <span class='ocrx_word' id='word_1_270' title='bbox 580 1957 641 1993; x_wconf 90' lang='lat' dir='ltr'>libito</span> <span class='ocrx_word' id='word_1_271' title='bbox 654 1959 782 2002; x_wconf 85' lang='lat' dir='ltr'>dispensare,</span> <span class='ocrx_word' id='word_1_272' title='bbox 794 1959 845 2002; x_wconf 87' lang='lat' dir='ltr'>quia</span> <span class='ocrx_word' id='word_1_273' title='bbox 855 1958 877 1992; x_wconf 90' lang='lat' dir='ltr'>in</span> <span class='ocrx_word' id='word_1_274' title='bbox 888 1957 955 2001; x_wconf 72' lang='lat' dir='ltr'>quoii</span> 
     </span>
     <span class='ocr_line' id='line_1_27' title="bbox 26 2011 993 2059; baseline -0.004 -11"><span class='ocrx_word' id='word_1_275' title='bbox 26 2018 28 2020; x_wconf 82' lang='lat'>&#39;</span> <span class='ocrx_word' id='word_1_276' title='bbox 101 2011 139 2048; x_wconf 87' lang='lat' dir='ltr'>het</span> <span class='ocrx_word' id='word_1_277' title='bbox 153 2014 204 2051; x_wconf 81' lang='lat' dir='ltr'>voto</span> <span class='ocrx_word' id='word_1_278' title='bbox 220 2014 338 2048; x_wconf 88' lang='lat' dir='ltr'>includitur</span> <span class='ocrx_word' id='word_1_279' title='bbox 353 2015 525 2050; x_wconf 84' lang='lat' dir='ltr'>conditionaliter</span> <span class='ocrx_word' id='word_1_280' title='bbox 540 2014 641 2050; x_wconf 87' lang='lat' dir='ltr'>voluntas</span> <span class='ocrx_word' id='word_1_281' title='bbox 656 2015 747 2059; x_wconf 85' lang='lat' dir='ltr'>praelati</span> <span class='ocrx_word' id='word_1_282' title='bbox 762 2014 897 2058; x_wconf 76' lang='lat' dir='ltr'>superioris»,</span> <span class='ocrx_word' id='word_1_283' title='bbox 914 2028 942 2038; x_wconf 81' lang='lat'>·—-</span> <span class='ocrx_word' id='word_1_284' title='bbox 991 2039 993 2041; x_wconf 67' lang='grc'>,</span> 
     </span>
     <span class='ocr_line' id='line_1_28' title="bbox 7 2065 954 2117; baseline 0 -14"><span class='ocrx_word' id='word_1_285' title='bbox 7 2065 20 2070; x_wconf 64' lang='grc'>”’</span> <span class='ocrx_word' id='word_1_286' title='bbox 61 2091 63 2093; x_wconf 84' lang='lat'>·</span> <span class='ocrx_word' id='word_1_287' title='bbox 105 2068 129 2105; x_wconf 89' lang='lat' dir='ltr'>In</span> <span class='ocrx_word' id='word_1_288' title='bbox 138 2069 155 2105; x_wconf 89' lang='lat' dir='ltr'>I.</span> <span class='ocrx_word' id='word_1_289' title='bbox 167 2069 194 2113; x_wconf 91' lang='lat' dir='ltr'>II,</span> <span class='ocrx_word' id='word_1_290' title='bbox 204 2079 224 2114; x_wconf 80' lang='lat' dir='ltr'>q.</span> <span class='ocrx_word' id='word_1_291' title='bbox 234 2070 266 2113; x_wconf 75' lang='lat'>94,</span> <span class='ocrx_word' id='word_1_292' title='bbox 275 2080 295 2107; x_wconf 85' lang='lat' dir='ltr'>a.</span> <span class='ocrx_word' id='word_1_293' title='bbox 304 2071 324 2112; x_wconf 91' lang='lat'>4,</span> <span class='ocrx_word' id='word_1_294' title='bbox 334 2070 429 2115; x_wconf 81' lang='lat' dir='ltr'>explicat</span> <span class='ocrx_word' id='word_1_295' title='bbox 437 2065 544 2117; x_wconf 82' lang='lat' dir='ltr'>quomodo</span> <span class='ocrx_word' id='word_1_296' title='bbox 554 2070 727 2115; x_wconf 80' lang='lat' dir='ltr'>sitinteiiigenda</span> <span class='ocrx_word' id='word_1_297' title='bbox 736 2070 831 2105; x_wconf 87' lang='lat' dir='ltr'>definitio</span> <span class='ocrx_word' id='word_1_298' title='bbox 842 2066 954 2106; x_wconf 79' lang='lat' dir='ltr'>Gratiani:</span> 
     </span>
     <span class='ocr_line' id='line_1_29' title="bbox 27 2125 955 2171; baseline 0.002 -12"><span class='ocrx_word' id='word_1_299' title='bbox 27 2145 34 2153; x_wconf 66' lang='lat'><em>2</em></span> <span class='ocrx_word' id='word_1_300' title='bbox 54 2157 56 2159; x_wconf 87' lang='lat'>.</span> <span class='ocrx_word' id='word_1_301' title='bbox 103 2127 152 2161; x_wconf 83' lang='lat' dir='ltr'>«ius</span> <span class='ocrx_word' id='word_1_302' title='bbox 164 2126 262 2163; x_wconf 84' lang='lat' dir='ltr'>naturale</span> <span class='ocrx_word' id='word_1_303' title='bbox 274 2127 308 2160; x_wconf 88' lang='lat' dir='ltr'>est</span> <span class='ocrx_word' id='word_1_304' title='bbox 319 2128 379 2169; x_wconf 88' lang='lat' dir='ltr'>quod</span> <span class='ocrx_word' id='word_1_305' title='bbox 389 2128 411 2162; x_wconf 93' lang='lat' dir='ltr'>in</span> <span class='ocrx_word' id='word_1_306' title='bbox 422 2127 478 2171; x_wconf 83' lang='lat' dir='ltr'>Lege</span> <span class='ocrx_word' id='word_1_307' title='bbox 490 2128 511 2161; x_wconf 90' lang='lat' dir='ltr'>et</span> <span class='ocrx_word' id='word_1_308' title='bbox 522 2126 639 2170; x_wconf 82' lang='lat' dir='ltr'>Evangelio</span> <span class='ocrx_word' id='word_1_309' title='bbox 662 2127 803 2162; x_wconf 80' lang='lat' dir='ltr'>continetur»</span> <span class='ocrx_word' id='word_1_310' title='bbox 824 2127 846 2160; x_wconf 87' lang='lat' dir='ltr'>et</span> <span class='ocrx_word' id='word_1_311' title='bbox 856 2125 906 2161; x_wconf 90' lang='lat' dir='ltr'>inde</span> <span class='ocrx_word' id='word_1_312' title='bbox 926 2126 955 2161; x_wconf 86' lang='lat' dir='ltr'>ad</span> 
     </span>
    </p>
   </div>
   <div class='ocr_carea' id='block_1_16' title="bbox 76 2181 955 2228">
    <p class='ocr_par' dir='ltr' id='par_1_17' title="bbox 76 2181 955 2228">
     <span class='ocr_line' id='line_1_30' title="bbox 76 2181 955 2228; baseline -0.001 -11"><span class='ocrx_word' id='word_1_313' title='bbox 76 2189 80 2191; x_wconf 84' lang='grc'><em>·</em></span> <span class='ocrx_word' id='word_1_314' title='bbox 101 2183 195 2228; x_wconf 85' lang='lat' dir='ltr'>primurn</span> <span class='ocrx_word' id='word_1_315' title='bbox 210 2182 275 2217; x_wconf 88' lang='lat' dir='ltr'>dicit:</span> <span class='ocrx_word' id='word_1_316' title='bbox 300 2183 398 2217; x_wconf 74' lang='lat' dir='ltr'>«uerbum</span> <span class='ocrx_word' id='word_1_317' title='bbox 411 2183 465 2218; x_wconf 91' lang='lat' dir='ltr'>illud</span> <span class='ocrx_word' id='word_1_318' title='bbox 478 2192 520 2218; x_wconf 90' lang='lat' dir='ltr'>non</span> <span class='ocrx_word' id='word_1_319' title='bbox 534 2185 567 2218; x_wconf 88' lang='lat' dir='ltr'>est</span> <span class='ocrx_word' id='word_1_320' title='bbox 581 2184 610 2217; x_wconf 87' lang='lat' dir='ltr'>sie</span> <span class='ocrx_word' id='word_1_321' title='bbox 623 2181 793 2227; x_wconf 83' lang='lat' dir='ltr'>intelligendum,</span> <span class='ocrx_word' id='word_1_322' title='bbox 808 2184 869 2227; x_wconf 88' lang='lat' dir='ltr'>quasi</span> <span class='ocrx_word' id='word_1_323' title='bbox 882 2183 955 2217; x_wconf 85' lang='lat' dir='ltr'>omnia</span> 
     </span>
    </p>
   </div>
   <div class='ocr_carea' id='block_1_17' title="bbox 27 2238 956 2285">
    <p class='ocr_par' dir='ltr' id='par_1_18' title="bbox 27 2238 956 2285">
     <span class='ocr_line' id='line_1_31' title="bbox 27 2238 956 2285; baseline -0.001 -12"><span class='ocrx_word' id='word_1_324' title='bbox 27 2253 30 2256; x_wconf 86' lang='lat'>·</span> <span class='ocrx_word' id='word_1_325' title='bbox 54 2268 55 2271; x_wconf 69' lang='grc'>,</span> <span class='ocrx_word' id='word_1_326' title='bbox 103 2247 159 2283; x_wconf 84' lang='lat' dir='ltr'>quae</span> <span class='ocrx_word' id='word_1_327' title='bbox 168 2240 189 2274; x_wconf 93' lang='lat' dir='ltr'>in</span> <span class='ocrx_word' id='word_1_328' title='bbox 198 2239 254 2283; x_wconf 85' lang='lat' dir='ltr'>Lege</span> <span class='ocrx_word' id='word_1_329' title='bbox 263 2239 286 2273; x_wconf 89' lang='lat' dir='ltr'>et</span> <span class='ocrx_word' id='word_1_330' title='bbox 294 2238 412 2283; x_wconf 82' lang='lat' dir='ltr'>Evangelio</span> <span class='ocrx_word' id='word_1_331' title='bbox 423 2240 567 2282; x_wconf 88' lang='lat' dir='ltr'>continentur,</span> <span class='ocrx_word' id='word_1_332' title='bbox 578 2239 621 2275; x_wconf 89' lang='lat' dir='ltr'>sint</span> <span class='ocrx_word' id='word_1_333' title='bbox 631 2240 656 2274; x_wconf 91' lang='lat' dir='ltr'>de</span> <span class='ocrx_word' id='word_1_334' title='bbox 665 2240 711 2285; x_wconf 81' lang='lat' dir='ltr'>lege</span> <span class='ocrx_word' id='word_1_335' title='bbox 720 2241 817 2282; x_wconf 85' lang='lat' dir='ltr'>naturae,</span> <span class='ocrx_word' id='word_1_336' title='bbox 828 2248 876 2274; x_wconf 89' lang='lat' dir='ltr'>cum</span> <span class='ocrx_word' id='word_1_337' title='bbox 886 2239 956 2273; x_wconf 86' lang='lat' dir='ltr'>multa</span> 
     </span>
    </p>
   </div>
   <div class='ocr_carea' id='block_1_18' title="bbox 105 2294 957 2454">
    <p class='ocr_par' dir='ltr' id='par_1_19' title="bbox 105 2294 957 2454">
     <span class='ocr_line' id='line_1_32' title="bbox 105 2294 956 2340; baseline -0.002 -12"><span class='ocrx_word' id='word_1_338' title='bbox 105 2296 223 2336; x_wconf 85' lang='lat' dir='ltr'>tradantur</span> <span class='ocrx_word' id='word_1_339' title='bbox 231 2296 261 2330; x_wconf 87' lang='lat' dir='ltr'>ihi</span> <span class='ocrx_word' id='word_1_340' title='bbox 271 2299 337 2340; x_wconf 84' lang='lat' dir='ltr'>supra</span> <span class='ocrx_word' id='word_1_341' title='bbox 346 2297 454 2338; x_wconf 83' lang='lat' dir='ltr'>naturam,</span> <span class='ocrx_word' id='word_1_342' title='bbox 466 2297 502 2331; x_wconf 85' lang='lat' dir='ltr'>sed</span> <span class='ocrx_word' id='word_1_343' title='bbox 512 2305 537 2334; x_wconf 88' lang='lat' dir='ltr'>ea</span> <span class='ocrx_word' id='word_1_344' title='bbox 547 2304 602 2340; x_wconf 86' lang='lat' dir='ltr'>qnae</span> <span class='ocrx_word' id='word_1_345' title='bbox 612 2297 662 2331; x_wconf 83' lang='lat' dir='ltr'>sunt</span> <span class='ocrx_word' id='word_1_346' title='bbox 673 2297 697 2331; x_wconf 83' lang='lat' dir='ltr'>de</span> <span class='ocrx_word' id='word_1_347' title='bbox 706 2296 752 2340; x_wconf 80' lang='lat' dir='ltr'>lege</span> <span class='ocrx_word' id='word_1_348' title='bbox 761 2296 852 2331; x_wconf 84' lang='lat' dir='ltr'>naturae</span> <span class='ocrx_word' id='word_1_349' title='bbox 862 2294 956 2340; x_wconf 76' lang='lat' dir='ltr'>plenarie</span> 
     </span>
     <span class='ocr_line' id='line_1_33' title="bbox 107 2351 956 2398; baseline 0 -13"><span class='ocrx_word' id='word_1_350' title='bbox 107 2351 138 2386; x_wconf 89' lang='lat' dir='ltr'>ibi</span> <span class='ocrx_word' id='word_1_351' title='bbox 145 2351 261 2395; x_wconf 85' lang='lat' dir='ltr'>traduntur</span> <span class='ocrx_word' id='word_1_352' title='bbox 270 2365 284 2387; x_wconf 71' lang='lat' dir='ltr'>a.</span> <span class='ocrx_word' id='word_1_353' title='bbox 293 2369 321 2376; x_wconf 82' lang='lat'>—-</span> <span class='ocrx_word' id='word_1_354' title='bbox 329 2351 389 2388; x_wconf 80' lang='lat' dir='ltr'>Adi.</span> <span class='ocrx_word' id='word_1_355' title='bbox 401 2351 429 2395; x_wconf 82' lang='lat' dir='ltr'>II,</span> <span class='ocrx_word' id='word_1_356' title='bbox 439 2362 458 2396; x_wconf 86' lang='lat' dir='ltr'>q.</span> <span class='ocrx_word' id='word_1_357' title='bbox 468 2352 500 2395; x_wconf 75' lang='lat'>94,</span> <span class='ocrx_word' id='word_1_358' title='bbox 509 2362 528 2390; x_wconf 88' lang='lat' dir='ltr'>a.</span> <span class='ocrx_word' id='word_1_359' title='bbox 538 2352 557 2395; x_wconf 85' lang='lat'>5,</span> <span class='ocrx_word' id='word_1_360' title='bbox 566 2353 588 2387; x_wconf 92' lang='lat' dir='ltr'>in</span> <span class='ocrx_word' id='word_1_361' title='bbox 597 2359 662 2398; x_wconf 73' lang='lat' dir='ltr'>corp,</span> <span class='ocrx_word' id='word_1_362' title='bbox 670 2353 736 2387; x_wconf 84' lang='lat' dir='ltr'>refert</span> <span class='ocrx_word' id='word_1_363' title='bbox 744 2351 869 2397; x_wconf 84' lang='lat' dir='ltr'>simpliciter</span> <span class='ocrx_word' id='word_1_364' title='bbox 878 2351 956 2386; x_wconf 86' lang='lat' dir='ltr'>doctri-</span> 
     </span>
     <span class='ocr_line' id='line_1_34' title="bbox 107 2406 957 2454; baseline -0.002 -12"><span class='ocrx_word' id='word_1_365' title='bbox 107 2415 157 2444; x_wconf 80' lang='lat' dir='ltr'>nam</span> <span class='ocrx_word' id='word_1_366' title='bbox 170 2408 295 2444; x_wconf 86' lang='lat' dir='ltr'>iuristarum</span> <span class='ocrx_word' id='word_1_367' title='bbox 309 2417 322 2444; x_wconf 92' lang='lat' dir='ltr'>a</span> <span class='ocrx_word' id='word_1_368' title='bbox 336 2409 452 2444; x_wconf 88' lang='lat' dir='ltr'>canonistis</span> <span class='ocrx_word' id='word_1_369' title='bbox 465 2408 562 2451; x_wconf 86' lang='lat' dir='ltr'>relatam,</span> <span class='ocrx_word' id='word_1_370' title='bbox 575 2408 601 2443; x_wconf 87' lang='lat' dir='ltr'>cf.</span> <span class='ocrx_word' id='word_1_371' title='bbox 617 2417 688 2452; x_wconf 81' lang='lat' dir='ltr'>supra,</span> <span class='ocrx_word' id='word_1_372' title='bbox 701 2418 723 2454; x_wconf 90' lang='lat' dir='ltr'>p.</span> <span class='ocrx_word' id='word_1_373' title='bbox 733 2408 771 2444; x_wconf 82' lang='lat'>215</span> <span class='ocrx_word' id='word_1_374' title='bbox 781 2417 812 2452; x_wconf 82' lang='lat' dir='ltr'>sq.</span> <span class='ocrx_word' id='word_1_375' title='bbox 822 2425 850 2433; x_wconf 68' lang='lat'>—</span> <span class='ocrx_word' id='word_1_376' title='bbox 864 2406 957 2451; x_wconf 82' lang='lat' dir='ltr'>inquirit</span> 
     </span>
    </p>
   </div>
   <div class='ocr_carea' id='block_1_19' title="bbox 2 2461 957 2681">
    <p class='ocr_par' dir='ltr' id='par_1_20' title="bbox 37 2461 955 2509">
     <span class='ocr_line' id='line_1_35' title="bbox 37 2461 955 2509; baseline -0.001 -11"><span class='ocrx_word' id='word_1_377' title='bbox 37 2461 42 2464; x_wconf 70' lang='grc'>’</span> <span class='ocrx_word' id='word_1_378' title='bbox 103 2465 177 2498; x_wconf 87' lang='lat' dir='ltr'>utrum</span> <span class='ocrx_word' id='word_1_379' title='bbox 189 2464 248 2508; x_wconf 88' lang='lat' dir='ltr'>Papa</span> <span class='ocrx_word' id='word_1_380' title='bbox 258 2464 328 2508; x_wconf 83' lang='lat' dir='ltr'>possit</span> <span class='ocrx_word' id='word_1_381' title='bbox 339 2464 462 2509; x_wconf 86' lang='lat' dir='ltr'>dispensare</span> <span class='ocrx_word' id='word_1_382' title='bbox 473 2474 521 2499; x_wconf 81' lang='lat' dir='ltr'>cuni</span> <span class='ocrx_word' id='word_1_383' title='bbox 532 2465 629 2508; x_wconf 83' lang='lat' dir='ltr'>religioso</span> <span class='ocrx_word' id='word_1_384' title='bbox 641 2465 662 2499; x_wconf 91' lang='lat' dir='ltr'>in</span> <span class='ocrx_word' id='word_1_385' title='bbox 673 2466 725 2501; x_wconf 80' lang='lat' dir='ltr'>uoto</span> <span class='ocrx_word' id='word_1_386' title='bbox 737 2465 877 2506; x_wconf 77' lang='lat' dir='ltr'>obedientiae,</span> <span class='ocrx_word' id='word_1_387' title='bbox 890 2464 955 2507; x_wconf 89' lang='lat' dir='ltr'>siqui-</span> 
     </span>
    </p>

    <p class='ocr_par' dir='ltr' id='par_1_21' title="bbox 47 2519 954 2563">
     <span class='ocr_line' id='line_1_36' title="bbox 47 2519 954 2563; baseline 0.001 -11"><span class='ocrx_word' id='word_1_388' title='bbox 47 2551 51 2552; x_wconf 33' lang='lat'>.</span> <span class='ocrx_word' id='word_1_389' title='bbox 105 2521 153 2554; x_wconf 86' lang='lat' dir='ltr'>dem</span> <span class='ocrx_word' id='word_1_390' title='bbox 168 2519 418 2558; x_wconf 75' lang='lat' dir='ltr'>decretalis-innocentii</span> <span class='ocrx_word' id='word_1_391' title='bbox 434 2519 467 2554; x_wconf 90' lang='grc' dir='ltr'>ΙΙΙ</span> <span class='ocrx_word' id='word_1_392' title='bbox 482 2521 507 2555; x_wconf 89' lang='lat' dir='ltr'>de</span> <span class='ocrx_word' id='word_1_393' title='bbox 520 2521 555 2556; x_wconf 91' lang='lat' dir='ltr'>illo</span> <span class='ocrx_word' id='word_1_394' title='bbox 571 2529 622 2557; x_wconf 83' lang='lat' dir='ltr'>casu</span> <span class='ocrx_word' id='word_1_395' title='bbox 637 2531 679 2556; x_wconf 89' lang='lat' dir='ltr'>non</span> <span class='ocrx_word' id='word_1_396' title='bbox 694 2522 723 2555; x_wconf 88' lang='lat' dir='ltr'>sit</span> <span class='ocrx_word' id='word_1_397' title='bbox 736 2520 827 2563; x_wconf 87' lang='lat' dir='ltr'>locutus,</span> <span class='ocrx_word' id='word_1_398' title='bbox 850 2520 871 2553; x_wconf 87' lang='lat' dir='ltr'>et</span> <span class='ocrx_word' id='word_1_399' title='bbox 886 2520 954 2554; x_wconf 90' lang='lat' dir='ltr'>dicit:</span> 
     </span>
    </p>

    <p class='ocr_par' dir='ltr' id='par_1_22' title="bbox 2 2575 957 2681">
     <span class='ocr_line' id='line_1_37' title="bbox 2 2575 957 2622; baseline 0.002 -14"><span class='ocrx_word' id='word_1_400' title='bbox 2 2617 3 2620; x_wconf 11' lang='grc' dir='ltr'><strong>Ἴ</strong></span> <span class='ocrx_word' id='word_1_401' title='bbox 26 2600 28 2602; x_wconf 88' lang='grc'>.</span> <span class='ocrx_word' id='word_1_402' title='bbox 61 2613 63 2615; x_wconf 42' lang='grc'>,</span> <span class='ocrx_word' id='word_1_403' title='bbox 103 2589 111 2609; x_wconf 72' lang='lat' dir='ltr'>c</span> <span class='ocrx_word' id='word_1_404' title='bbox 120 2577 180 2620; x_wconf 86' lang='lat' dir='ltr'>Papa</span> <span class='ocrx_word' id='word_1_405' title='bbox 189 2577 211 2611; x_wconf 92' lang='lat' dir='ltr'>in</span> <span class='ocrx_word' id='word_1_406' title='bbox 221 2577 271 2611; x_wconf 87' lang='lat' dir='ltr'>voto</span> <span class='ocrx_word' id='word_1_407' title='bbox 282 2576 419 2613; x_wconf 83' lang='lat' dir='ltr'>obedientiae</span> <span class='ocrx_word' id='word_1_408' title='bbox 429 2586 471 2611; x_wconf 90' lang='lat' dir='ltr'>non</span> <span class='ocrx_word' id='word_1_409' title='bbox 481 2578 554 2622; x_wconf 88' lang='lat' dir='ltr'>potest</span> <span class='ocrx_word' id='word_1_410' title='bbox 564 2586 612 2612; x_wconf 87' lang='lat' dir='ltr'>cum</span> <span class='ocrx_word' id='word_1_411' title='bbox 622 2577 717 2621; x_wconf 84' lang='lat' dir='ltr'>religioso</span> <span class='ocrx_word' id='word_1_412' title='bbox 730 2577 857 2622; x_wconf 84' lang='lat' dir='ltr'>dispensare,</span> <span class='ocrx_word' id='word_1_413' title='bbox 868 2576 893 2610; x_wconf 90' lang='lat' dir='ltr'>ut</span> <span class='ocrx_word' id='word_1_414' title='bbox 902 2575 957 2610; x_wconf 91' lang='lat' dir='ltr'>nulli</span> 
     </span>
     <span class='ocr_line' id='line_1_38' title="bbox 61 2631 955 2681; baseline -0.002 -14"><span class='ocrx_word' id='word_1_415' title='bbox 61 2633 64 2641; x_wconf 77' lang='grc'>“’</span> <span class='ocrx_word' id='word_1_416' title='bbox 102 2631 198 2681; x_wconf 86' lang='lat' dir='ltr'>praelato</span> <span class='ocrx_word' id='word_1_417' title='bbox 209 2633 310 2670; x_wconf 87' lang='lat' dir='ltr'>teneatur</span> <span class='ocrx_word' id='word_1_418' title='bbox 320 2633 408 2668; x_wconf 87' lang='lat' dir='ltr'>obedire</span> <span class='ocrx_word' id='word_1_419' title='bbox 418 2634 441 2668; x_wconf 90' lang='lat' dir='ltr'>in</span> <span class='ocrx_word' id='word_1_420' title='bbox 450 2633 483 2667; x_wconf 89' lang='lat' dir='ltr'>his</span> <span class='ocrx_word' id='word_1_421' title='bbox 494 2643 548 2677; x_wconf 85' lang='lat' dir='ltr'>quae</span> <span class='ocrx_word' id='word_1_422' title='bbox 558 2634 586 2670; x_wconf 92' lang='lat' dir='ltr'>ad</span> <span class='ocrx_word' id='word_1_423' title='bbox 595 2634 748 2678; x_wconf 79' lang='lat' dir='ltr'>perfectionem</span> <span class='ocrx_word' id='word_1_424' title='bbox 770 2634 829 2668; x_wconf 81' lang='lat' dir='ltr'>vitae</span> <span class='ocrx_word' id='word_1_425' title='bbox 838 2633 955 2677; x_wconf 82' lang='lat' dir='ltr'>pertinent,</span> 
     </span>
    </p>
   </div>
   <div class='ocr_carea' id='block_1_20' title="bbox 103 2688 956 2735">
    <p class='ocr_par' dir='ltr' id='par_1_23' title="bbox 103 2688 956 2735">
     <span class='ocr_line' id='line_1_39' title="bbox 103 2688 956 2735; baseline -0.002 -11"><span class='ocrx_word' id='word_1_426' title='bbox 103 2698 147 2724; x_wconf 90' lang='lat' dir='ltr'>non</span> <span class='ocrx_word' id='word_1_427' title='bbox 157 2688 212 2724; x_wconf 88' lang='lat' dir='ltr'>enim</span> <span class='ocrx_word' id='word_1_428' title='bbox 222 2690 296 2733; x_wconf 88' lang='lat' dir='ltr'>potest</span> <span class='ocrx_word' id='word_1_429' title='bbox 305 2697 354 2723; x_wconf 89' lang='lat' dir='ltr'>eum</span> <span class='ocrx_word' id='word_1_430' title='bbox 364 2699 377 2727; x_wconf 87' lang='lat' dir='ltr'>a</span> <span class='ocrx_word' id='word_1_431' title='bbox 387 2698 425 2727; x_wconf 84' lang='lat' dir='ltr'>sua</span> <span class='ocrx_word' id='word_1_432' title='bbox 434 2690 557 2728; x_wconf 86' lang='lat' dir='ltr'>obedientia</span> <span class='ocrx_word' id='word_1_433' title='bbox 567 2690 658 2724; x_wconf 77' lang='lat' dir='ltr'>eximere</span> <span class='ocrx_word' id='word_1_434' title='bbox 667 2700 672 2733; x_wconf 89' lang='lat'>;</span> <span class='ocrx_word' id='word_1_435' title='bbox 690 2690 765 2735; x_wconf 87' lang='lat' dir='ltr'>potest</span> <span class='ocrx_word' id='word_1_436' title='bbox 771 2690 845 2723; x_wconf 80' lang='lat' dir='ltr'>tamen</span> <span class='ocrx_word' id='word_1_437' title='bbox 855 2696 903 2722; x_wconf 88' lang='lat' dir='ltr'>eum</span> <span class='ocrx_word' id='word_1_438' title='bbox 913 2688 956 2722; x_wconf 83' lang='lat' dir='ltr'>exi-</span> 
     </span>
    </p>
   </div>
   <div class='ocr_carea' id='block_1_21' title="bbox 34 2736 957 2790">
    <p class='ocr_par' dir='ltr' id='par_1_24' title="bbox 34 2736 957 2790">
     <span class='ocr_line' id='line_1_40' title="bbox 34 2736 957 2790; baseline -0.002 -12"><span class='ocrx_word' id='word_1_439' title='bbox 34 2787 37 2789; x_wconf 16' lang='lat'>&gt;</span> <span class='ocrx_word' id='word_1_440' title='bbox 67 2745 78 2778; x_wconf 70' lang='lat' dir='ltr'>f</span> <span class='ocrx_word' id='word_1_441' title='bbox 104 2753 162 2788; x_wconf 82' lang='lat' dir='ltr'>mere</span> <span class='ocrx_word' id='word_1_442' title='bbox 171 2744 197 2782; x_wconf 89' lang='lat' dir='ltr'>ab</span> <span class='ocrx_word' id='word_1_443' title='bbox 208 2745 313 2780; x_wconf 87' lang='lat' dir='ltr'>inferioris</span> <span class='ocrx_word' id='word_1_444' title='bbox 323 2745 415 2790; x_wconf 85' lang='lat' dir='ltr'>praelati</span> <span class='ocrx_word' id='word_1_445' title='bbox 424 2746 554 2789; x_wconf 86' lang='lat' dir='ltr'>obedientia,</span> <span class='ocrx_word' id='word_1_446' title='bbox 565 2746 624 2790; x_wconf 84' lang='lat' dir='ltr'>quod</span> <span class='ocrx_word' id='word_1_447' title='bbox 633 2756 675 2781; x_wconf 89' lang='lat' dir='ltr'>non</span> <span class='ocrx_word' id='word_1_448' title='bbox 686 2747 749 2781; x_wconf 87' lang='lat' dir='ltr'>estin</span> <span class='ocrx_word' id='word_1_449' title='bbox 759 2746 810 2781; x_wconf 76' lang='lat' dir='ltr'>uoto</span> <span class='ocrx_word' id='word_1_450' title='bbox 821 2736 957 2780; x_wconf 78' lang='lat' dir='ltr'>obedientiae</span> 
     </span>
    </p>
   </div>
   <div class='ocr_carea' id='block_1_22' title="bbox 107 2800 548 2958">
    <p class='ocr_par' dir='ltr' id='par_1_25' title="bbox 107 2800 548 2958">
     <span class='ocr_line' id='line_1_41' title="bbox 107 2800 548 2847; baseline 0.002 -11"><span class='ocrx_word' id='word_1_451' title='bbox 107 2802 228 2847; x_wconf 86' lang='lat' dir='ltr'>dispensare</span> <span class='ocrx_word' id='word_1_452' title='bbox 237 2814 250 2837; x_wconf 84' lang='lat' dir='ltr'>i).</span> <span class='ocrx_word' id='word_1_453' title='bbox 262 2800 290 2837; x_wconf 87' lang='lat' dir='ltr'>II.</span> <span class='ocrx_word' id='word_1_454' title='bbox 303 2800 331 2843; x_wconf 87' lang='grc' dir='ltr'>ΙΙ,</span> <span class='ocrx_word' id='word_1_455' title='bbox 341 2811 361 2845; x_wconf 85' lang='lat' dir='ltr'>q.</span> <span class='ocrx_word' id='word_1_456' title='bbox 372 2802 404 2844; x_wconf 80' lang='lat'>86,</span> <span class='ocrx_word' id='word_1_457' title='bbox 413 2811 432 2839; x_wconf 89' lang='lat' dir='ltr'>a.</span> <span class='ocrx_word' id='word_1_458' title='bbox 443 2802 462 2845; x_wconf 87' lang='lat'>8,</span> <span class='ocrx_word' id='word_1_459' title='bbox 472 2803 499 2839; x_wconf 85' lang='lat' dir='ltr'>ad</span> <span class='ocrx_word' id='word_1_460' title='bbox 507 2802 548 2840; x_wconf 86' lang='lat' dir='ltr'>3m.</span> 
     </span>
     <span class='ocr_line' id='line_1_42' title="bbox 129 2857 490 2901; baseline 0.008 -9"><span class='ocrx_word' id='word_1_461' title='bbox 129 2858 160 2901; x_wconf 89' lang='lat'>(4)</span> <span class='ocrx_word' id='word_1_462' title='bbox 175 2858 205 2894; x_wconf 83' lang='lat' dir='ltr'>Cf.</span> <span class='ocrx_word' id='word_1_463' title='bbox 216 2857 271 2900; x_wconf 87' lang='lat' dir='ltr'>I·.·lI,</span> <span class='ocrx_word' id='word_1_464' title='bbox 281 2867 302 2901; x_wconf 85' lang='lat' dir='ltr'>q.</span> <span class='ocrx_word' id='word_1_465' title='bbox 312 2857 345 2899; x_wconf 81' lang='lat'>97,</span> <span class='ocrx_word' id='word_1_466' title='bbox 354 2867 373 2894; x_wconf 87' lang='lat' dir='ltr'>a.</span> <span class='ocrx_word' id='word_1_467' title='bbox 384 2858 403 2901; x_wconf 87' lang='lat'>4,</span> <span class='ocrx_word' id='word_1_468' title='bbox 413 2859 441 2895; x_wconf 87' lang='lat' dir='ltr'>ad</span> <span class='ocrx_word' id='word_1_469' title='bbox 449 2858 490 2895; x_wconf 83' lang='lat' dir='ltr'>3m.</span> 
     </span>
     <span class='ocr_line' id='line_1_43' title="bbox 122 2912 404 2958; baseline 0.014 -11"><span class='ocrx_word' id='word_1_470' title='bbox 122 2913 161 2958; x_wconf 55' lang='lat'>45)</span> <span class='ocrx_word' id='word_1_471' title='bbox 180 2914 273 2957; x_wconf 79' lang='lat' dir='ltr'>Quodlib,</span> <span class='ocrx_word' id='word_1_472' title='bbox 289 2912 324 2950; x_wconf 82' lang='lat' dir='ltr'>IV.</span> <span class='ocrx_word' id='word_1_473' title='bbox 338 2923 357 2951; x_wconf 87' lang='lat' dir='ltr'>a.</span> <span class='ocrx_word' id='word_1_474' title='bbox 373 2914 404 2951; x_wconf 85' lang='lat'>13.</span> 
     </span>
    </p>
   </div>
   <div class='ocr_carea' id='block_1_23' title="bbox 0 0 1078 3277">
    <p class='ocr_par' dir='ltr' id='par_1_26' title="bbox 0 0 1078 3277">
     <span class='ocr_line' id='line_1_44' title="bbox 0 0 1078 3277; baseline 0 0"><span class='ocrx_word' id='word_1_475' title='bbox 0 0 1078 3277; x_wconf 95' lang='lat' dir='ltr'> </span> 
     </span>
    </p>
   </div>
  </div>
 </body>
</html>
