2182 3277
119 169 161 225 106
228 183 230 186 ’
285 178 562 226 osntseeusarrourans
575 193 639 226 erun
650 192 816 224 Dsennnsrns
857 193 859 195 ·

457 338 560 410 carui
572 367 594 408 n

196 495 321 541 Doctrina
339 496 373 561 de
386 494 467 537 variis
486 494 623 550 speciebus
642 495 871 551 dispensationum

147 628 269 673 Profectus
288 630 409 685 doetrinae
426 631 489 684 apud
509 629 652 672 Decretistas
670 630 755 673 clarius
772 632 848 676 adhuc
867 634 968 686 apparet

42 717 50 748 ς
111 706 146 739 'ex
160 695 352 741 distinctionibus
365 709 423 751 quas
436 700 573 752 proponunt
586 695 646 738 circa
660 696 856 751 dispensationes.
870 696 967 741 Praeter

117 762 257 807 diuisionem
268 776 339 818 supra
349 764 454 813 relatam,
466 763 490 806 in
502 761 687 817 dispensationes
699 776 767 805 sensu
778 763 856 807 latiori
867 767 890 807 et
901 765 967 809 strio-

66 863 83 887 4
116 829 179 884 tiqri,
198 831 345 887 quadruplex
363 830 409 876 alia
427 829 549 875 distinctio
569 832 608 872 est*
621 830 734 876 notanda.

236 984 249 1038 ξ,
259 983 277 1025 1.
289 1005 319 1012 —-
331 981 364 1022 Dc
374 980 582 1037 dispensationibus
594 981 617 1022 in
627 980 739 1035 iaciendis
750 982 770 1023 et
781 982 804 1024 in
814 981 883 1036 sactis

144 1100 223 1144 Prima
239 1100 360 1144 distinctio
376 1104 412 1143 cst
427 1101 629 1156 dispensationum
646 1101 669 1142 in
683 1101 793 1154 sociandis
810 1103 830 1142 ci
846 1101 869 1142 in
884 1102 960 1155 (ociis,

114 1171 185 1221 prout
193 1169 354 1212 conceduntur
363 1170 417 1212 ante
426 1169 464 1210 vel
473 1171 527 1222 post
539 1168 629 1211 iactum
641 1182 645 1209 :
657 1167 818 1217 antefactum,
830 1181 870 1210 seu
881 1169 966 1223 quihus

115 1233 240 1277 casualiter
251 1228 358 1278 aufertur
369 1234 482 1288 obligatio
495 1234 582 1288 exlege
593 1233 699 1283 oriunda,
712 1245 765 1288 erga
775 1234 841 1278 illum
853 1235 894 1289 qui
905 1235 964 1278 alias

115 1301 163 1355 lege
173 1303 293 1345 teneretur
303 1315 308 1350 ;
320 1304 374 1355 post
385 1300 482 1350 iactum,
495 1304 611 1356 quatenus
621 1300 645 1343 in
657 1299 826 1355 casuspeeiali,
837 1304 965 1356 postquam

115 1370 183 1411 aetus
195 1371 277 1412 eontra
288 1368 362 1421 legem
374 1367 421 1409 init
433 1367 533 1421 positus,
546 1368 584 1410 lex
594 1368 715 1410 relaxatur
728 1381 787 1422 quae
799 1367 888 1410 statuit
899 1368 967 1411 inha-

114 1434 240 1484 bilitatem,
249 1434 384 1478 nullitatem
391 1432 628 1489 veiprohihitionem,
637 1438 697 1488 puta
708 1434 733 1478 in
743 1434 966 1488 irregularitatihus.

146 1502 165 1543 1.
183 1502 255 1556 Saepe
270 1502 318 1544 iam
332 1500 452 1544 innuimus
467 1502 592 1555 scriptores
608 1497 736 1544 anteriores
751 1502 833 1544 saltem
848 1500 964 1555 implicite

115 1567 238 1622 agnovisse
252 1568 321 1611 illam.
332 1567 508 1612 distinctionem
520 1567 560 1621 (1).
577 1567 643 1610 Hanc
657 1571 738 1611 tamen
753 1567 866 1609 Rusruus
880 1567 965 1613 iterum

113 1634 203 1688 primus
214 1634 272 1678 iacit
284 1634 400 1689 expressis
410 1633 487 1676 verbis
498 1650 503 1676 z
515 1651 522 1672 a
535 1635 594 1677 Item
605 1636 737 1678 notandum
749 1637 783 1676 est
795 1635 858 1688 quod
870 1634 963 1689 dispen-

115 1700 174 1743 satio
188 1701 326 1744 admittitur
338 1700 464 1755 aliquando
477 1701 502 1745 in
514 1701 590 1750 laetis,
605 1700 731 1754 aliquando
744 1701 768 1746 in
780 1700 894 1745 iaciendis
904 1718 912 1740 s
923 1701 964 1755 (2).

142 1770 164 1811 2.
181 1768 293 1821 Explicat
307 1767 453 1810 Hueueero:
467 1784 476 1806 <r
485 1768 510 1812 in
523 1767 593 1810 iactis
607 1766 703 1817 seilicet,
717 1771 818 1822 utquae
831 1767 896 1811 facta
909 1771 965 1812 snnt

112 1835 248 1884 tolerentur,
263 1836 404 1890 quandoque
416 1834 440 1877 in
452 1834 574 1883 iaciendis,
587 1837 615 1876 ut
628 1846 688 1888 quae
701 1834 765 1877 iacta
777 1846 823 1877 non
837 1837 900 1884 sunt,
913 1834 966 1877 iieri

112 1901 288 1956 permittantur.
302 1901 335 1942 Et
346 1900 438 1943 facilius
450 1900 587 1944 admittitur
597 1900 621 1944 in
632 1900 702 1942 iactis
715 1912 785 1955 quam
796 1900 820 1944 in
831 1900 946 1944 faciendis
956 1916 962 1952 ;

111 1967 203 2011 facilius
220 1968 281 2011 enim
298 1967 457 2022 dispensative
472 1964 605 2011 tolerantur
620 1967 691 2016 iacta,
710 1979 780 2022 quam
796 1964 854 2010 fieri
866 1968 966 2022 permit-

112 2037 194 2077 tantur
205 2034 339 2088 quaefacta
350 2047 397 2077 non
408 2038 470 2083 sunt,
489 2037 518 2076 ut
528 2037 596 2089 patet
605 2033 629 2076 in
642 2034 726 2088 copula
737 2034 965 2088 consanguineorum

113 2104 137 2142 et
148 2101 171 2144 in
182 2100 233 2143 iilio
247 2100 375 2143 sacerdotis
388 2100 428 2155 qui
440 2100 532 2144 facilius
543 2101 658 2142 toleratur
669 2101 749 2143 iaetus
761 2102 875 2148 sacerdos,
889 2111 961 2155 quam

112 2167 165 2209 fieri
183 2167 335 2222 permittatur
345 2183 353 2205 s
364 2167 404 2221 (3).

140 2301 169 2346 (1)
185 2298 215 2336 Ci.
229 2309 299 2344 supra,
311 2310 332 2345 p.
346 2299 377 2335 50.

140 2358 170 2402 (2)
186 2357 277 2392 Omnino
290 2358 348 2394 errat
360 2357 476 2398 Susanna,
489 2365 507 2392 o.
520 2365 544 2397 c.,
556 2365 577 2399 p.
590 2355 636 2396 656,
649 2355 777 2391 concludens
789 2355 872 2391 nullum
885 2357 961 2392 Decre-

61 2440 63 2442 -
111 2415 186 2452 tisiam
198 2414 357 2460 distinctionem
369 2413 438 2448 iacere
449 2413 505 2448 inter
516 2412 696 2457 dispensationem
707 2412 729 2447 in
741 2412 842 2447 iaciendis
855 2414 876 2447 et
887 2414 908 2449 in
919 2414 963 2449 iac-

59 2480 61 2483 ·
112 2472 147 2507 tis.
160 2483 167 2502 (l
177 2471 244 2505 Einen
259 2470 400 2505 Unterscheid
412 2469 516 2504 zwischen
529 2469 646 2513 Dispensen
658 2469 680 2504 in
693 2468 755 2503 factis
768 2469 813 2503 und
824 2469 847 2503 in
860 2469 963 2514 iaciendis

112 2529 194 2562 kennen
209 2526 242 2561 die
255 2526 391 2560 Dekretisten
404 2525 464 2560 nieht
473 2539 486 2561 s,
514 2525 601 2559 Pennus
613 2524 736 2559 Bisssnns
749 2525 811 2559 docet
823 2525 904 2561 intuitu
917 2535 963 2570 per-

114 2592 177 2618 sonae
185 2583 231 2617 lien
240 2591 302 2627 posse
311 2582 491 2626 dispensationem
501 2583 550 2615 ante
560 2581 638 2624 etpost
646 2581 728 2619 lactum
739 2591 743 2615 :
752 2594 760 2613 l
769 2582 898 2625 quandoque
906 2583 963 2617 enim

113 2639 193 2683 aliquid
207 2640 232 2673 de
245 2641 290 2674 iure
302 2639 426 2680 remittitur,
440 2639 570 2682 quandoque
582 2637 662 2681 aliquid
675 2639 759 2682 praeter
771 2637 803 2672 ius
816 2637 939 2681 indulgetur
948 2652 963 2681 s,
994 2660 996 2662 -

114 2696 136 2730 et
144 2695 221 2739 probat
229 2705 266 2739 per
275 2695 372 2739 exempla
383 2704 386 2727 ε
397 2694 525 2738 dispensatio
536 2694 676 2729 antefactum
685 2694 718 2728 est
726 2684 831 2729 ordinatio
840 2694 948 2729 Ambrosii
957 2705 962 2735 ;

112 2752 163 2797 post
173 2750 255 2786 iactum
267 2752 299 2786 est
309 2752 346 2787 illa
356 2761 369 2786 a
382 2750 480 2795 Gregorio
492 2760 549 2795 papa
561 2759 659 2785 concessa
673 2750 770 2785 Ianuario
783 2745 889 2794 episcopo.
907 2760 925 2787 o.
938 2760 962 2795 c.,

113 2818 135 2853 p.
150 2808 181 2843 18.
451 2823 452 2826 ¹

141 2863 170 2907 (3)
186 2863 236 2899 Cod.
249 2872 288 2899 rns.
302 2863 337 2899 cit.
350 2862 388 2901 lat.
401 2863 452 2899 hihl.
465 2864 511 2901 nat.
524 2863 589 2899 Paris.
612 2861 648 2897 iel.
662 2862 719 2903 125V.
734 2861 771 2898 eol.
791 2862 810 2898 2.
830 2859 857 2906 gl.
870 2863 898 2897 ad
909 2855 962 2902 diet.

114 2920 173 2961 Grat.
186 2929 205 2955 a.
218 2926 235 2955 e.
249 2920 268 2965 6,
280 2920 301 2955 C.
315 2919 331 2963 Ι,
343 2929 363 2971 q.
376 2919 394 2961 7.
