2139 3277
320 197 444 228 nonnanis
453 196 606 230 sesreroauu
614 197 766 230 coaevorum
938 184 966 226 53

112 319 154 362 pro
167 306 230 350 omni
241 307 386 352 relaxatione
397 306 479 361 rigoris
489 306 554 356 iuris,
566 310 590 350 et
600 307 652 353 ideo
665 320 752 355 omnes,
767 309 864 366 excepto
875 301 958 359 Algero

111 366 240 423 Leodiensi,
259 373 357 427 exigunt
374 385 466 415 causum
483 370 622 431 necessitatis
641 374 676 415 uel
693 372 804 416 utilitatis
832 372 965 416 communis.

111 440 221 484 Reiciunt
234 453 329 484 causam
343 440 399 484 boni
414 439 509 495 privati,
524 440 568 481 etsi
583 441 660 484 sciant
677 443 706 484 de
723 441 786 486 lacto
814 440 968 497 dispensatio-

111 518 163 551 nem
177 509 270 552 concedi
283 507 308 550 in
321 519 377 549 casu
390 505 527 561 particulari
540 509 564 548 et
577 506 606 548 ob
620 510 714 550 causam
738 506 794 550 boni
806 507 902 563 privati.
926 507 967 548 Ille

95 586 165 618 usus
178 574 276 618 enimin
290 573 339 614 dies
353 572 489 625 augebatur,
503 572 550 615 imo
564 573 594 617 ad
607 585 727 616 excessum
741 573 865 617 crescebat.
897 574 965 616 Unde

110 653 204 694 asperae
214 639 335 694 quaerelae
346 652 360 682 a
370 640 441 682 variis
451 638 604 693 scriptoribus
614 642 693 682 motae
711 642 767 682 sunt
778 633 858 683 contra
868 641 965 683 modum

110 708 192 760 agendi
211 705 239 748 R.
251 705 375 749 Pontificis
395 705 542 749 concedentis
561 706 746 760 dispensationes
766 704 795 747 ob
814 705 901 750 bonum
921 707 967 760 pri=

109 776 199 816 vatum.
217 771 308 815 Similes
326 769 447 828 quaerelae
465 772 621 827 caeteroquin,
639 775 721 815 eontra
738 784 806 815 usum
823 772 966 827 frequentio-

109 851 158 898 rem
171 839 373 893 dispensationum
386 852 400 881 a
411 840 478 893 parte
489 837 634 881 Pontificum
645 842 670 881 et
682 838 763 881 Curiae
775 837 903 887 Romanae,
917 850 966 881 mo-

108 909 194 948 ventur
208 908 260 948 tum
277 920 291 948 a
307 906 410 951 conciliis
425 904 606 958 particularibus
618 904 720 959 (1).tum
736 904 766 947 ab
783 905 896 960 episcopis
908 903 948 958 (2).

100 992 102 996 >
138 972 159 1014 4.
176 972 210 1014 De
225 971 307 1014 obiecto
322 985 362 1014 seu
378 972 426 1024 lege
440 971 465 1013 in
480 982 527 1025 qua
542 972 671 1027 dispensari
685 971 767 1026 possit,
797 983 877 1014 omnes
892 972 964 1013 etiam

105 1039 258 1088 conveniunt,
278 1041 405 1092 sequentes
425 1037 556 1092 doctrinam
577 1036 662 1089 lvonis,
684 1050 755 1094 quarn
773 1039 906 1082 Bernardus
926 1041 963 1081 ta*

109 1118 163 1149 men
178 1105 285 1149 intimius
301 1107 471 1158 perscrutatur.
488 1103 616 1159 Praecepta
632 1106 694 1148 enim
711 1105 840 1149 necessaria
855 1104 962 1150 subdivi-

108 1173 143 1214 dit
158 1172 182 1214 in
198 1184 256 1224 pene
271 1170 476 1214 incommutabilia
491 1173 516 1212 et
531 1172 624 1224 penitus
649 1170 859 1216 incommutabilia.
881 1171 963 1217 Priora

41 1237 43 1239 ’
66 1236 68 1238 ’
107 1241 162 1282 sunt
177 1238 236 1291 leges
254 1238 348 1281 divinae
364 1233 481 1291 positiuae
497 1237 521 1279 in
539 1238 624 1291 quibus
645 1237 709 1279 Deus
725 1239 804 1294 potest
821 1238 961 1295 dispensare,

107 1306 147 1348 sed
157 1318 203 1348 non
212 1305 281 1347 homo
294 1303 327 1358 (3)
337 1318 343 1353 3
355 1305 401 1347 alia
420 1306 475 1348 sunt
484 1303 545 1356 leges
557 1304 650 1349 divinae
661 1304 780 1351 naturales
790 1304 815 1350 in
826 1304 910 1363 quibus
921 1317 963 1351 nec

107 1372 169 1414 Deus
181 1372 230 1425 ipse
243 1373 322 1425 potest
336 1371 477 1425 dispensare.

15 1474 19 1482 .
74 1447 76 1449 ’
135 1437 155 1480 5.
164 1438 284 1498 >Notanda
298 1440 334 1479 est
349 1437 448 1491 denique
463 1436 570 1481 doctrina
585 1437 681 1479 Arcem
693 1424 843 1480 Laouiansis
856 1438 883 1481 de
895 1449 964 1479 ceusu

105 1504 214 1559 requisito
230 1505 260 1547 ad
270 1493 630 1561 legitimam*dispensationem.
654 1504 714 1549 Eius
729 1504 842 1549 tractatio
859 1501 894 1547 est
909 1504 963 1547 ions

106 1585 135 1614 ex
148 1582 194 1625 quo
207 1572 287 1617 bausit
301 1568 435 1613 Gratianus.
451 1569 477 1612 ln
491 1582 532 1611 suo
545 1570 603 1613 libro
618 1572 645 1613 de
658 1566 816 1614 misericordia
829 1574 852 1613 et
863 1571 962 1621 iustitia

53 1642 55 1644 '
107 1637 147 1692 qui
160 1637 280 1695 prologum
295 1637 382 1678 decreti
398 1636 476 1682 ,lvonis
489 1635 536 1678 iere
550 1637 574 1679 in
587 1638 696 1681 omnibus
709 1637 828 1690 sequitun·
846 1650 963 1681 commen-

104 1706 142 1746 tat
160 1703 248 1746 dictum
268 1704 362 1756 lvonis:
393 1703 611 1761 «dispensationem
628 1716 695 1757 posse
714 1704 808 1746 concedi
826 1716 855 1746 ex
871 1703 962 1746 ratione
983 1721 985 1723 ’

105 1769 219 1825 probabili
229 1785 237 1808 i
249 1769 289 1824 (4).
305 1769 380 1811 Docet
392 1768 522 1827 imprimis:
536 1784 544 1807 r
555 1773 705 1824 praeceptum
719 1770 829 1827 quamvis
851 1770 960 1814 omnibus

72 1832 74 1834 ’
104 1827 135 1880 sit
145 1836 307 1884 necessarium,
319 1848 360 1889 pro
371 1836 442 1878 variis
452 1837 532 1877 tamen
542 1835 723 1879 rationabilibus
733 1827 808 1878 causis
818 1849 848 1878 ex
858 1838 959 1880 auctori-

103 1906 153 1954 tate
169 1902 279 1946 canonica
302 1914 412 1956 persaepe
426 1914 474 1944 esse
489 1902 659 1947 relaxandum»
672 1902 712 1957 (5).
729 1903 818 1951 Deinde
834 1907 957 1949 enumerat

103 1970 206 2026 quinque
218 1982 299 2012 causas
311 1968 341 2015 ob
354 1981 412 2022 quas
423 1967 595 2012 rationabiliter
607 1971 756 2024 dispensatur
768 1983 773 2009 z
784 1970 957 2013 «inveniuntur

103 2027 164 2083 enim
180 2039 304 2092 praece-pta
320 2035 433 2079 canonica
449 2046 490 2091 pro
507 2037 619 2089 tempore,
637 2048 678 2090 pro
695 2047 802 2091 persona,
829 2049 870 2090 pro
887 2037 958 2079 variis

130 2243 160 2288 (1)
176 2243 235 2279 conc.
261 2242 440 2286 Seliposiudiense,
464 2242 560 2286 a.1021,‚
587 2243 617 2292 Gi.
634 2244 800 2285 Trronrassruus,
823 2252 841 2279 o.
857 2252 880 2286 a,
906 2243 918 2278 l.
935 2253 958 2287 a,

104 2311 124 2337 n.
135 2300 154 2335 4.
166 2300 283 2342 sarnensi,
294 2309 312 2335 o.
324 2309 348 2342 a,
359 2310 381 2344 p.
393 2299 439 2335 316.

130 2355 160 2400 (2)
177 2356 206 2392 cf.
218 2356 336 2398 Susanna,
347 2364 365 2391 o.
378 2366 401 2398 a,
412 2366 433 2401 p.
445 2355 527 2391 315-20.
548 2356 640 2392 Notetur
650 2358 724 2393 tamen
735 2355 757 2390 in
767 2355 807 2390 illis
819 2356 901 2391 casibus
913 2364 959 2390 sae·

103 2422 130 2458 pe
141 2412 176 2456 agi
189 2413 214 2446 de
226 2411 385 2457 dispensatione
396 2412 439 2449 late
452 2412 545 2456 sumpta,
558 2422 595 2457 pro
609 2413 667 2448 omni
680 2411 816 2456 derogatione
838 2412 884 2456 legi,
904 2413 953 2446 tum

103 2478 140 2514 per
156 2468 312 2504 concessionem
326 2467 493 2513 privilegiorum,
509 2469 557 2503 tum
570 2477 608 2514 per
623 2469 776 2513 exemptiones,
792 2486 820 2494 -
832 2468 951 2503 Attenden-

104 2526 131 2560 da
149 2525 181 2559 est
199 2524 263 2560 etiam
285 2524 419 2569 exaggeratio
440 2524 592 2568 quaerelarum,
612 2534 667 2569 quae
687 2523 805 2569 explicatur
825 2532 851 2558 ex
872 2523 952 2568 origine

103 2581 201 2623 illarum;
214 2580 345 2626 proveniunt
359 2580 415 2616 enim
429 2580 455 2615 ab
470 2581 592 2617 auctoribus
608 2582 644 2626 qui
657 2588 718 2625 aegre
732 2580 804 2615 ferunt
818 2581 951 2624 quasi-usur-

103 2637 212 2683 pationem
224 2637 250 2672 R.
263 2636 375 2672 Pontificis
387 2636 466 2671 iurium
478 2637 631 2682 episcoporum.
645 2657 673 2663 -
683 2637 728 2672 Nec
739 2635 851 2680 praecipue
864 2646 951 2681 quaere-

102 2694 133 2731 las
149 2694 237 2729 movent
252 2694 277 2728 de
292 2692 427 2728 concessione
442 2693 533 2729 abusiva
557 2694 739 2738 dispensationum
755 2692 781 2726 ob
797 2702 883 2739 causam
899 2693 950 2739 boni

103 2749 190 2795 privati,
206 2750 242 2784 sed
258 2749 284 2784 oh
299 2749 413 2793 pecuniam
426 2748 460 2786 vel
474 2748 541 2785 alium
555 2750 673 2787 humanum
686 2749 790 2793 favorem,

132 2804 162 2850 (3)
177 2805 218 2848 PL,
232 2805 249 2841 t.
264 2804 311 2848 182,
325 2804 364 2841 col.
380 2804 425 2842 863.

131 2856 217 2906 (lint,
228 2860 245 2898 t.
257 2860 303 2905 182,
315 2861 354 2897 col.
370 2859 415 2898 863.

131 2912 161 2966 (ὅ)
177 2915 217 2962 PL)
228 2916 245 2955 t·
258 2915 399 2961 161,001.58.
