2139 3277
188 159 190 161 >
224 151 404 184 enneacrunos
412 151 446 185 11
455 138 847 200 11111111111111.1011111111
906 187 908 189 ,
921 141 962 193 151

101 273 138 303 111
149 275 154 303 z
164 273 219 306 nam
233 261 311 305 dictae
325 262 461 310 decisiones,
475 262 631 316 quantumvis
644 275 674 304 ex
686 248 777 305 directa
788 262 924 305 intentione
937 274 972 304 so-

87 361 91 367 ,
106 326 227 371 lummodo
241 329 274 372 vad
289 329 373 372 causas
389 328 560 372 determinatas
575 328 721 379 ferebantur,
737 329 854 383 implicite
870 332 895 370 et
908 329 971 371 indi÷

101 393 319 437 rectetheoreticas
328 393 623 439 solutionesinvolvebant
637 398 662 436 et
676 397 773 450 insuper
787 408 845 437 mox
859 396 888 438 ut
902 396 967 448 leges

32 496 35 499 .
101 460 245 503 universales
259 459 287 503 ab
301 460 389 502 eisdem
402 459 455 502 ΗΒ.
468 459 627 502 Pontificibus
638 462 664 504 in
676 462 856 504 collectionibus
869 461 971 505 authen-

100 526 154 568 ticis
175 525 279 569 insertae
292 524 397 570 fuerunt.
424 526 497 568 Porro
512 527 550 568 hic
563 528 658 570 illarum
674 528 819 571 decisionum
833 529 902 573 valor
916 527 970 571 uni-

99 592 198 635 versalis
211 604 258 634 101
267 593 330 634 illico
342 592 372 635 ab
383 593 520 636 auctoribus
531 592 579 638 fuit
589 584 702 647 agnitus.

130 660 151 700 2.
170 657 205 716 De
224 657 299 700 valore
326 658 366 711 qui
383 657 525 700 documentis
543 658 676 713 pontificiis
695 673 708 703 a
727 660 892 702 Decretalistis
914 660 964 703 fuit

102 725 196 778 agnitus
207 724 265 782 11111
276 727 332 768 1111
343 725 464 769 notanda
479 724 513 765 Ut
523 727 607 769 notum
617 728 661 774 111,
683 726 745 769 11111
756 727 885 769 decretales
895 727 967 769 huius

98 784 214 845 temporis
229 791 289 835 aliae¹
304 791 481 846 quamplurima
497 790 570 833 dubia
584 791 715 841 solverunt,
731 805 791 846 quae
806 790 969 838 efformabant

76 907 78 910 ¹
97 857 135 900 ius
150 869 239 900 novum
255 868 345 911 vagans
361 860 428 900 extra
444 856 600 900 Concordiam
615 857 771 900 Decretorum
786 857 895 911 Magistri
912 856 970 900 Gra*

97 923 167 965 tiaui.
185 922 252 965 Aliae
272 921 458 966 difficultatibus
476 924 565 965 exortis
583 924 715 966 remedium
734 922 868 967 afferebant
886 935 969 966 ceuce-

98 989 182 1037 dendo,
200 988 293 1031 intuitu
310 988 395 1030 horum
413 1001 512 1032 casuum
530 990 719 1042 particularium,
737 990 799 1035 iuris,
813 990 913 1044 rigorosi
930 1003 966 1032 re-

97 1055 310 1103 laxationemita
333 1058 361 1097 ut
388 1055 434 1096 dici
459 1055 535 1109 possit
559 1054 611 1095 RR.
628 1055 760 1099 Pontifices
775 1059 833 1100 tunc
848 1056 964 1109 temporis

98 1121 223 1175 praecipue
241 1120 373 1163 exercuisse
390 1133 530 1174 supremam·
543 1121 568 1163 in
586 1121 692 1165 Ecclesia
710 1125 855 1176 potestatem
872 1122 897 1164 11
914 1124 965 1176 lege

98 1187 217 1231 communi
236 1184 402 1241 dispensando.
422 1187 642 1245 His-decretalibus
661 1188 714 1230 RR.
730 1188 860 1231 Pontifices
877 1189 965 1232 multas

97 1255 209 1298 materias
225 1253 284 1296 iuris
302 1254 408 1297 canonici
427 1251 455 1296 de
473 1266 535 1295 novo
553 1254 702 1302 ordinarunt,
722 1256 837 1310 quasdam
854 1254 965 1297 funditus

97 1324 230 1369 mutarunt,
251 1321 309 1363 alias
327 1321 412 1363 saltem
432 1320 518 1362 clarius
538 1320 735 1364 determinarunt.
755 1321 807 1363 Hae
827 1321 964 1370 decretales,

97 1387 182 1442 quibus
190 1387 332 1440 posteriores
341 1386 488 1428 Decretistae
496 1387 520 1437 in
528 1387 577 1427 suis
584 1387 667 1439 glossis
674 1387 723 1430 iam
731 1388 766 1430 usi
775 1389 838 1435 sunt,
848 1399 966 1430 commen-
1014 1397 1016 1399 ’

95 1454 162 1497 tariis
178 1454 326 1496 adornantur
341 1452 481 1506 praeprimis
498 1466 511 1495 a
527 1452 699 1496 Decretalistis.
716 1453 839 1502 Attamen,
857 1454 965 1495 doctores

94 1520 262 1567 Bononienses,
279 1519 335 1561 licet
350 1517 380 1560 ob
396 1518 501 1561 theorias
517 1518 610 1560 1111111
626 1518 736 1562 Romano
748 1521 901 1573 depromptas
916 1518 964 1560 iere

95 1600 175 1630 omnes
190 1586 306 1639 potestati
320 1585 460 1638 pontificiae
474 1596 616 1639 magnopere
630 1584 754 1634 favebant,
771 1596 838 1638 aegre
852 1586 962 1628 tulerunt

95 1652 148 1694 RR.
157 1648 289 1693 Pontifices
297 1653 417 1705 potestate
427 1664 470 1693 sua
477 1652 514 1693 uti
524 1652 554 1694 ad
563 1652 708 1694 dirimendas
717 1651 869 1706 quaestiones
879 1654 965 1694 contra

95 1719 227 1761 doctrinam
246 1719 271 1760 in
291 1718 371 1760 schola
390 1720 519 1771 receptam.
539 1718 627 1776 Parum
647 1717 802 1771 sibimetipsis
818 1719 963 1765 constantes,

95 1786 151 1829 alias
166 1785 279 1838 epistolas
294 1784 422 1826 decretales
439 1783 575 1837 allegabant
589 1786 616 1825 ut
631 1785 777 1827 auctoritate
791 1784 878 1826 summi
892 1784 961 1837 legis-

92 1851 174 1894 latoris
191 1850 325 1893 doctrinam
341 1849 628 1898 schofae‘confirmarent,
646 1850 704 1893 alias
721 1863 776 1892 vero
793 1850 907 1904 epistolas
922 1862 961 1891 eo.-

91 1918 198 1961 rumdem
215 1916 368 1964 Pontificum
382 1916 439 1970 quia
456 1916 577 1959 doctrinae
593 1916 618 1959 in
634 1916 715 1959 schola
732 1917 847 1959 admissae
863 1928 911 1962 non
927 1915 962 1958 fa·
990 1933 991 1936 ¹

28 1990 29 1993 ’
92 1983 246 2031 1111111111
270 1986 297 2024 ut
309 1982 395 2025 dubiae
414 1982 609 2026 authenticitatis
638 1982 781 2031 rei'ciebant,
798 1982 836 2024 vel
854 1984 882 2024 ut
901 1981 961 2024 refe-

92 2054 169 2093 rentes
187 2050 323 2103 opinionem
349 2060 411 2092 mere
437 2048 559 2101 privatam
576 2049 656 2091 valore
673 2049 774 2091 iuridico
792 2048 960 2096 evacuabant3

92 2118 140 2159 imo
153 2117 251 2171 quidam
262 2127 310 2159 non
321 2114 466 2157 verebantur
478 2113 507 2156 R.
519 2113 664 2158 Pontificem
677 2126 773 2169 arguere
786 2116 813 2157 de
825 2127 910 2162 errore,
922 2115 961 2156 vel

64 2203 66 2205 ·
93 2184 234 2226 contendere
252 2182 281 2224 R.
297 2180 448 2229 Pontificem,
466 2182 507 2235 qui
522 2181 596 2223 talem
612 2181 816 2236 dispensationem
835 2181 961 2229 concessit,

93 2263 140 2292 non
155 2247 204 2291 esse
220 2249 318 2302 Papam.
371 2301 373 2303 q

123 2315 144 2358 3.
161 2315 239 2358 Huius
257 2315 313 2358 novi
330 2304 387 2367 iuris
405 2328 446 2356 seu
464 2314 682 2368 Eutravagautium
702 2315 835 2356 innumerae
851 2315 898 2367 jere
915 2313 960 2357 cot-

51 2408 59 2427 ,
95 2382 200 2424 lectiones
213 2382 309 2436 luerunt
322 2380 403 2434 suetae,
420 2394 480 2435 quae
496 2380 677 2433 corripilationes
692 2380 845 2424 decretalium
860 2379 958 2422 fuerunt

92 2453 175 2504 postea
190 2451 290 2493 vocatae
303 2446 344 2502 (l).
362 2447 450 2499 Earum
467 2447 598 2500 auctoritas
614 2448 697 2496 crevit,
715 2450 843 2502 postquam
857 2446 959 2494 Bernar-

109 2648 112 2652 “
121 2643 150 2687 (1)
160 2643 192 2678 De
202 2623 364 2684 collectionibus
373 2642 424 2677 ante
433 2642 543 2683 saeculum
552 2641 646 2677 1111111,
656 2642 679 2677 F.
689 2642 779 2683 111111,
794 2640 818 2684 11
836 2641 959 2687 Zeiiscbrist

92 2698 127 2741 der
139 2699 345 2742 Suoipny-Siijtunp,
359 2698 415 2733 Knn.
429 2698 478 2733 Abi.
491 2698 507 2733 t.
520 2699 532 2732 3
545 2698 624 2742 (1913),
645 2708 665 2743 p.
679 2697 777 2739 615-642,
794 2697 820 2732 in
831 2701 958 2743 recensione
1022 2744 1023 2748 Ἰ

92 2755 161 2799 operis
178 2755 205 2791 H.
222 2755 315 2797 811111,
332 2754 389 2790 Neue
406 2752 503 2797 Beifrdpe
521 2753 569 2788 iiber
584 2754 616 2788 die
633 2754 908 2798 Debreloiensummlunpen
924 2764 958 2790 nor

93 2810 136 2853 und
146 2811 200 2846 nocb
214 2811 322 2845 Bernburd
334 2820 372 2844 oon
383 2810 457 2846 Ponto.
471 2810 671 2854 (Sitcunpsbericbte
690 2810 725 2843 der
740 2809 822 2845 Wiener
841 2810 958 2847 Akodemie

92 2866 127 2900 der
148 2867 363 2910 rememorarent.
380 2866 435 2911 171),
452 2867 520 2909 uttan,
537 2866 595 2902 1913.
612 2867 639 2902 H.
656 2866 747 2915 Sinone,
764 2866 804 2901 Die
820 2866 956 2903 Delrretoten-

92 2923 211 2974 summiunp
229 2923 263 2958 des
277 2923 397 2959 Bernurdus
433 2922 615 2975 Compostellonus
634 2916 739 2969 antiquus.
760 2922 957 2971 (Siicunpstericbtc
