2139 3277
146 209 271 251 0001111111
279 201 396 251 enarrant
403 213 436 249 bn
444 206 614 249 runuauun‘ro
622 209 768 249 Perusinum
776 217 837 266 11οΜ.
847 216 918 246 Pons.
927 194 955 245 7'7

48 330 50 332 ’
102 328 192 373 tionem
203 318 416 382 praescriptionum
429 329 452 367 et
464 324 653 378 prohibitionum
665 325 832 369 canonicarum
846 320 958 376 (1),quasi
1019 358 1021 361 ,

44 427 46 429 .
101 393 211 436 timuerit
224 396 252 437 de
268 391 447 448 exceptionibus
461 404 478 442 a
493 391 542 443 lege
559 390 723 444 permittendis
739 390 830 446 regulas
845 388 957 431 iuridieas

102 471 248 514 proponere.
292 480 295 483 ⁴
442 455 445 456 ⁷

423 562 647 570 Ἥ

456 725 559 768 CAPUT
576 725 600 766 ΙΙ

383 853 509 894 Doctrina
528 851 651 894 Gratiani
691 877 696 881 —-

252 917 283 958 de
292 918 464 966 fundamento
474 919 614 974 potestatis
624 918 654 959 R.
666 914 802 958 Pontificis

82 1098 84 1100 .
133 1046 260 1090 Gratianus
277 1047 347 1089 vaide
364 1047 432 1090 firme
450 1048 538 1092 statuit
555 1049 591 1090 ius
610 1044 764 1101 dispensandi
782 1043 814 1085 R.
834 1041 966 1090 Pontificis,

53 1116 57 1121 '
101 1116 173 1166 prout
189 1112 275 1166 pluries
290 1113 338 1155 iam
354 1113 432 1157 iuerat
448 1115 597 1159 vindicatum
614 1127 627 1156 a
643 1110 797 1166 scriptoribus
813 1112 838 1151 et
854 1109 883 1151 ab
899 1108 957 1162 ipsis

37 1209 40 1213 .
101 1177 154 1220 RR.
177 1177 334 1222 Pontificibus
346 1178 387 1234 (2).
412 1180 477 1223 Circa
498 1181 557 1222 iilud
577 1180 614 1222 ius
637 1176 787 1232 pontificium
809 1175 869 1218 ciare
891 1174 958 1216 varia

101 1244 218 1298 principia
232 1244 330 1288 stabilit.

132 1311 152 1353 1,
170 1310 277 1354 Romano
294 1311 408 1358 Pontifici
426 1313 534 1355 vindicat
557 1313 592 1354 ius
622 1309 781 1365 dispensandi.
807 1307 957 1361 Principium

103 1390 117 1418 a
127 1376 245 1420 Bernaldo
256 1377 304 1433 iam
316 1378 433 1428 emissum,
445 1380 482 1421 ius
495 1378 647 1433 dispensandi
659 1376 688 1419 R.
700 1374 813 1418 Pontifici
825 1376 956 1427 competere

103 1443 157 1495 quta
174 1444 206 1483 est
222 1441 327 1484 dominus
344 1455 456 1485 canonum
473 1457 513 1487 seu
530 1456 611 1487 eorum
628 1443 743 1492 conditor,
761 1441 870 1494 sequenti
886 1439 956 1483 modo

101 1509 206 1562 exponit,
222 1508 266 1550 sub
277 1508 375 1553 influxu
402 1514 454 1554 tum
479 1511 557 1556 ivonis
581 1500 738 1556 Carnutensis,
765 1511 817 1548 tum
834 1506 895 1548 iuris
910 1504 959 1546 Ro-

102 1574 167 1617 mani
179 1573 220 1628 (3).
232 1574 298 1628 Papa
309 1579 344 1618 est
356 1576 465 1620 dominus
476 1588 592 1620 canonum
604 1576 660 1631 quia
671 1578 707 1617 est
716 1574 821 1628 ipsorum
833 1572 956 1619 condii0s3

99 1640 184 1685 intime
195 1640 258 1683 enim
270 1641 379 1684 cohaeret
390 1640 496 1696 potestas
508 1639 660 1696 dispensandi
672 1652 724 1683 curn
743 1642 863 1693 potestate
882 1638 956 1690 legem
992 1648 994 1651 ·

100 1705 198 1749 ferendi.
211 1705 276 1749 Haec
288 1707 351 1750 enim
361 1708 463 1751 includit
475 1722 522 1753 non
533 1712 629 1753 tantum
640 1708 676 1749 ius
689 1705 804 1749 condendi
825 1705 894 1758 leges,
916 1704 956 1745 sed

102 1772 175 1814 etiam
186 1769 294 1816 conditas
305 1773 366 1827 leges
377 1775 495 1825 mutandi,
507 1775 546 1817 vei
558 1775 707 1828 exceptiones
720 1772 806 1830 abillis
818 1771 957 1825 per-mitten-

101 1837 132 1887 di,
151 1849 194 1892 ope
212 1838 328 1892 privilegii
346 1841 384 1894 vel
403 1841 593 1894 dispensationis

130 1903 199 1947 Hanc
216 1904 348 1947 doctrinam
366 1907 454 1959 optime
472 1907 570 1960 exponit
585 1907 610 1951 in
627 1907 684 1947 dict.
701 1917 723 1958 p.
742 1917 761 1946 c.
780 1902 814 1953 16,
833 1902 857 1945 C.
874 1902 955 1951 XXV,

94 1981 123 2023 vq.
137 1970 147 2010 1
160 1970 200 2011 ubi
209 1971 242 2021 ad
253 1972 415 2024 quaestionem
426 1986 431 2014 :
442 1988 450 2011 1
461 1973 498 2026 An
509 1973 538 2015 R.
550 1972 663 2014 Pontifex
673 1972 745 2030 etiarn
755 1972 865 2013 teneatur
877 1965 957 2011 obser-

100 2047 156 2079 vare
168 2037 261 2078 decreta
271 2040 407 2080 sanctorum
419 2051 535 2082 canonum
546 2055 562 2087 »,
574 2039 624 2080 aiiis
634 2036 712 2079 verbis
724 2050 753 2080 an
764 2036 840 2090 possit
850 2035 955 2088 legitime

101 2103 237 2156 permittere
254 2104 403 2157 exceptiones
420 2119 434 2147 a
449 2106 499 2158 lege
511 2104 557 2159 (4),
574 2098 610 2147 ita
625 2104 767 2157 respondet:
784 2118 792 2139 1
803 2100 957 2145 Sacrosancta

128 2294 159 2339 (1)
175 2295 204 2331 Cf.
219 2295 336 2339 Srrnctun,
350 2296 511 2341 Dispensation,
526 2298 754 2343 Dispensationswesen
776 2296 818 2330 und
841 2296 955 2341 Dispensa-

103 2351 212 2386 tionsreoht
226 2352 254 2386 irn
266 2351 419 2396 Kirchenrecht,
432 2363 453 2398 p.
467 2353 513 2389 361.

18 2378 24 2385 ’Χ
92 2418 95 2422 .
128 2407 158 2451 (2)
175 2398 204 2443 er.
221 2416 292 2452 supra,
308 2415 329 2452 p.
346 2405 394 2445 oa'
433 2412 434 2415 ¹

128 2463 158 2507 (3)
175 2462 204 2499 Cf.
217 2463 311 2506 LlnuEn,
322 2474 339 2500 o.
352 2474 376 2508 0.,
387 2474 408 2509 p.
419 2465 452 2501 44.
465 2465 485 2501 J.
498 2465 604 2508 Funisun,
615 2475 633 2502 o.
645 2475 669 2507 a,
680 2474 700 2509 p.
713 2464 758 2499 904.
771 2464 890 2507 structus,
902 2473 919 2500 0,
931 2474 954 2508 a,

101 2529 122 2564 p.
133 2518 179 2555 367.
189 2519 232 2553 Alii
241 2519 324 2554 addunt
332 2514 629 2563 intluxuns'pseudo-isidori,
640 2521 666 2556 ci.
676 2521 737 2563 inira,
747 2529 767 2564 p.
779 2520 812 2561 79,
826 2521 879 2554 uota
894 2520 911 2555 1.

129 2575 158 2619 (4)
175 2568 289 2611 Gratianus
300 2584 326 2610 ex
337 2577 400 2611 modo
411 2577 524 2614 ordinandi
534 2577 593 2615 iliani
603 2585 697 2620 causam,
708 2576 793 2611 videtur
804 2584 848 2609 esse
860 2576 955 2611 conscius

102 2631 127 2665 de
140 2631 279 2666 innovatione
294 2632 410 2675 doetrinae,
424 2642 476 2667 nam
489 2642 527 2678 pro
542 2633 643 2668 methodo
659 2632 732 2667 suain
746 2641 763 2667 c.
780 2631 828 2666 1-15
843 2633 956 2667 enumerat

101 2687 171 2722 varias
181 2688 322 2723 auctoritates
333 2697 388 2732 quae
400 2688 425 2725 R.
437 2688 539 2723 Po'ntiiiei
551 2689 657 2733 denegant
667 2689 699 2723 ius
709 2688 822 2722 recedendi
842 2697 854 2722 a
866 2688 955 2722 decretis

101 2742 253 2778 conciliorum:
265 2745 369 2779 «decreta
392 2745 448 2779 enim
461 2744 598 2793 conciliorum
611 2744 717 2779 nerninem
729 2744 796 2788 magis
810 2753 875 2787 quam
887 2744 954 2788 Apos-

100 2798 190 2833 tolieum
201 2807 284 2834 servare
296 2801 398 2845 oportet»
414 2810 431 2835 e.
444 2801 463 2843 1,
475 2801 496 2836 C.
508 2800 580 2844 XXV,
592 2810 611 2845 q.
625 2801 651 2843 13
663 2801 685 2833 et
695 2801 735 2835 hoe
745 2800 774 2834 ad
784 2808 801 2835 e.
823 2799 848 2834 16
867 2800 953 2834 0111111110

48 2878 50 2881 ι
101 2855 168 2891 reicit.
180 2855 210 2891 Ci.
222 2855 626 2901 1111101110.ε.,Ρ.869,-Α1111111011
638 2856 748 2892 innovatio
760 2855 782 2890 in
792 2855 890 2894 doctrina
904 2855 955 2892 Gra-

101 2910 162 2953 tiani,
176 2912 202 2946 de
214 2920 256 2955 quo
268 2911 363 2956 loquitur
377 2912 468 2956 mersen,
478 2921 521 2948 non
533 2913 619 2949 videtur
631 2913 700 2949 tanta.
711 2912 741 2949 Gi.
750 2911 814 2955 inira,
823 2921 845 2957 p.
856 2911 927 2949 78-79.
