2139 3277
139 178 905 223 DOCTRINADECRETA'LI'STARUM'DE01B1ECTODISPENSA'T10MM'
928 176 973 222 195
1027 202 1029 205 v

116 311 163 343 non
182 298 333 350 subsistente,
354 300 514 361 dispensative
534 299 643 342 concedit
655 299 779 343 'monacho
799 302 827 341 ut
846 300 968 353 proprium

116 366 211 415 habeat,
226 366 371 420 dispensatio
384 367 450 410 nulla
461 369 503 415 est,
516 378 559 410 nec
571 364 701 409 monachus
714 378 728 408 a
739 367 789 419 lege
802 365 915 409 eximitur
927 365 967 420 (1).

118 433 142 475 Si
155 435 235 476 autem
247 434 297 477 sine
311 435 381 476 causa
395 433 516 485 dispensat
528 433 553 476 in
565 435 622 474 voto
636 428 764 482 castitatis,
778 445 804 474 eo
816 431 865 477 fine
876 435 906 474 ut
918 445 969 477 mo-

116 499 205 542 nachus
225 500 405 543 matrimonium
425 499 563 541 contrahere
583 493 670 547 valeat,
691 500 871 543 matrimonium
892 498 967 554 (quod

116 566 189 619 logice
205 565 301 609 deberet
318 566 362 607 dici
379 565 480 618 nullum)
497 559 649 624 nihilominus
664 565 737 615 valet,
754 579 783 610 ne
799 578 883 619 nempe
900 578 967 619 prae-

60 648 61 652 *
115 633 230 675 iudicium
248 632 340 675 mulieri
358 632 436 676 bonae
453 631 510 677 fidei
527 630 651 680 inferatur,
671 631 712 672 sed
730 632 861 676 monachus
881 636 966 685 peccat

116 700 229 752 exigendo
248 699 355 742 debitum
367 697 409 752 (2).
428 697 452 740 Si
468 698 492 741 in
508 696 631 739 beneficiis
649 697 801 750 dispensatur
818 700 867 741 sine
884 711 969 756 causae

116 765 256 819 cognitione,
272 766 402 818 seeundum
417 764 550 807 doctrinam
565 764 751 808 communiorem
761 778 826 819 „quae
839 768 907 808 tenet
922 767 969 808 dis*

116 832 280 886 pausationem
295 845 344 874 esse
359 830 517 874 revocabilem
533 828 642 884 (quidam
657 830 720 873 enim
737 834 817 874 actum
832 831 966 875 invalidum

116 913 164 943 esse
175 898 269 952 tenent)
279 922 310 929 —-
320 898 463 942 heneficium
474 897 570 939 retineri
582 899 661 950 potest
672 897 722 940 sine
734 901 831 952 peccato
844 910 968 953 quousque

115 966 231 1010 concessio
246 968 371 1008 revocetur
383 963 424 1018 (3).

420 1188 613 1199 »swa-...m

437 1328 540 1373 CAPUT
560 1328 594 1371 IV

288 1492 289 1495 ,
330 1448 368 1507 De
382 1448 484 1490 obiecto
500 1447 732 1503 dispensationum

141 1564 252 1617 Quaestio
269 1569 419 1609 momentosa
436 1567 464 1608 de
481 1566 573 1608 obiecto
592 1565 782 1619 dispensationis,
811 1577 852 1606 seu
869 1565 897 1606 de
914 1563 964 1617 lege

109 1634 133 1677 in
150 1645 197 1687 qua
211 1631 327 1674 relaxatio
343 1636 424 1686 potest
438 1631 498 1681 iieri,
514 1632 605 1686 optime
621 1645 634 1675 a
649 1631 814 1674 Decretalistis
833 1633 963 1679 tractatur,
996 1660 997 1663 ,

111 1692 219 1755 quamuis
234 1710 281 1742 non
297 1699 457 1752 systematice,
473 1700 513 1741 sed
527 1699 659 1741 incidenter
673 1700 779 1742 tantum.

140 1766 234 1818 Duplex
250 1769 286 1808 est
303 1767 365 1819 apud
382 1778 421 1808 eos
437 1765 615 1809 controversia:
630 1768 712 1808 utrum
728 1777 812 1819 nempe
829 1763 961 1818 dispensari

110 1833 192 1886 possit,
208 1830 284 1884 primo
299 1831 324 1875 in
340 1834 432 1874 statuto
448 1831 551 1885 generali
568 1831 694 1881 Ecclesiae,
711 1844 803 1874 necnon
819 1831 844 1874 in
871 1829 963 1883 legibus

111 1901 215 1953 quatuor
236 1899 343 1957 priorum
364 1898 518 1941 conciliorum
539 1898 702 1951 generalium3
724 1897 823 1940 seeundo
843 1897 868 1943 in
889 1896 963 1938 variis

110 1965 242 2019 praeceptis
256 1966 314 2018 legis
328 1965 451 2009 naturalis.

172 2146 182 2197 ξ
195 2144 213 2186 1.
225 2168 256 2174 ——-
269 2144 303 2194 De
315 2145 485 2199 dispensatione
507 2145 531 2187 in
543 2145 630 2206 statuto
640 2116 743 2199 penereli
754 2144 871 2187 Ecclesiae
883 2145 904 2185 ei

333 2212 431 2265 quotuor
445 2211 549 2266 priorum
564 2211 713 2253 conciliorum

139 2329 219 2373 Prima
235 2330 326 2383 regula,
344 2329 374 2372 ab
393 2329 504 2373 omnihus
522 2330 627 2374 admissa
643 2329 701 2372 haec
718 2333 771 2372 est:
788 2328 893 2373 «Omnia
908 2329 961 2372 iura

109 2398 237 2450 quaesunt
251 2397 341 2437 iunium
354 2395 462 2449 position,
477 2399 532 2439 sunt
545 2395 714 2450 dispensabilia
724 2412 740 2438 u.
756 2396 810 2439 Iura
822 2396 961 2450 simpliciter
1027 2440 1030 2443 ,

109 2477 149 2505 seu
164 2462 268 2516 positiva
281 2466 378 2507 tantum
393 2466 547 2516 opponuntur
560 2463 606 2515 illis
621 2475 681 2516 quae
695 2475 743 2506 non
757 2462 860 2507 mediate
873 2461 959 2512 solum,

109 2530 171 2571 sicut
182 2528 257 2571 omnis
267 2529 313 2578 lex,
326 2530 365 2571 sed
376 2529 429 2583 plus
439 2529 548 2574 minusue
558 2529 696 2572 immediate
708 2528 749 2583 (4),
762 2528 837 2571 adius
848 2530 959 2573 naturale

137 2713 168 2758 (1)
183 2712 327 2755 Hosrrunsrs‚
344 2713 356 2749 l.
372 2721 389 2749 e.

128 2770 169 2814 ,(2)
185 2769 329 2811 Hosrinnsrs,
345 2769 357 2805 l.
373 2778 389 2804 e.

137 2826 168 2870 (3)
185 2826 335 2860 Inuoonurrus
349 2825 385 2867 lv,
399 2833 416 2860 o.
430 2833 445 2860 e.
459 2826 487 2860 ad
499 2834 515 2861 c.
529 2825 549 2868 5,
562 2824 589 2861 X.
604 2826 634 2860 De
646 2824 702 2869 filiis
714 2825 887 2869 presbyterorum,
902 2824 960 2870 1‚17.

135 2882 166 2926 (4)
183 2883 234 2916 Dico
249 2882 298 2927 plus
313 2882 411 2917 minusve
419 2880 552 2923 immediate,
562 2882 613 2926 quia
626 2891 658 2916 res
672 2882 732 2917 varie
741 2883 825 2921 averiis
835 2882 961 2920 auctoribus

111 2938 240 2981 explicatur,
255 2941 281 2974 ut
296 2947 322 2973 ex
335 2938 392 2974 inira
407 2937 502 2973 dicendis
516 2939 609 2983 patebit.
