2182 3277
430 525 599 569 APPENDIX

129 653 258 705 Doctrina
274 653 459 710 theologorum
478 655 509 695 de
528 654 726 710 dispensatione
743 654 924 711 ecclesiastica
977 656 992 698 ’.

90 717 93 720 ’
175 727 321 779 eorunique
340 725 457 774 influxus
476 727 504 767 in
523 728 683 778 canonistas,
703 731 735 769 et.
745 728 868 769 vicissim

125 865 239 919 Theologi
256 867 311 908 dum
326 866 350 909 in
366 865 414 906 sius
430 864 558 909 Sententiis
573 869 597 907 et
613 865 716 910 Summis
731 869 804 919 agunt
820 867 848 908 de
876 878 952 908 sacra-

97 932 191 980 mentis,
207 931 345 985 praesertim
361 932 389 973 de
404 934 550 974 sacramento
568 933 655 976 ordinis
671 932 696 973 et'
710 932 818 985 coniugii,
833 933 951 986 quaedam
965 946 967 948 ’
989 975 991 977 ,
1063 979 1064 983 ,

94 998 194 1042 tradunt
210 998 271 1039 circa
287 997 486 1051 dispensationem
501 997 525 1042 in
540 998 760 1051 irregularitatihus
777 1002 801 1040 et
814 998 952 1052 in'impedi-

95 1064 183 1107 mentiS
197 1063 349 1107 matrimonii
367 1063 443 1114 Quare
457 1063 539 1117 paucis
554 1063 695 1118 inquirimus
710 1065 768 1119 quid
784 1061 866 1107 saitem
881 1077 948 1118 prae-

94 1131 158 1184 cipui
168 1130 230 1175 inter
242 1130 397 1173 Scholasticos
409 1131 464 1172 ante
475 1129 498 1170 S.
508 1129 624 1172 Thomam
636 1133 659 1172 et
669 1131 720 1184 ipse
730 1131 819 1172 Doctor
830 1131 954 1184 angelicus·

94 1196 217 1242 docuerint
227 1198 255 1239 de
265 1195 445 1249 dispensatione,
457 1196 565 1240 addendo
575 1209 635 1250 quae
643 1195 716 1239 luerit
724 1197 785 1239 inter
792 1197 886 1240 illorum
896 1198 949 1238 doc·
991 1223 997 1230 ⁴1
1058 1199 1062 1208 ”

92 1259 180 1307 trinam
203 1266 228 1305 et
250 1264 424 1307 canonistarum
437 1262 537 1304 relatio.
575 1263 733 1305 scholasticos
754 1263 839 1317 prioris
862 1264 951 1306 aetatis

93 1330 248 1385 appellamus,
260 1340 314 1372 cum
325 1328 460 1372 Grabmann
472 1328 505 1382 (1)
516 1328 557 1382 qui
569 1330 700 1373 docuerunt
720 1343 733 1372 a
744 1329 834 1371 saeculo
846 1328 896 1370 XII
917 1331 947 1372 ad
1011 1353 1017 1359 *v

96 1397 201 1440 medium
215 1396 335 1438 saeculum
348 1394 419 1435 XIII.
434 1393 553 1436 Posterior
567 1398 633 1438 aetas
647 1395 731 1449 incipit
746 1407 799 1438 eum
812 1395 946 1456 Alexandro

94 1462 191 1507 Halensi
202 1466 225 1505 et
235 1462 333 1504 Allierto
343 1460 435 1514 Magno.
841 1477 843 1480 ’

214 1591 224 1642 §
237 1589 257 1631 1.
270 1611 298 1617 —
310 1577 421 1629 Doctrina
432 1586 624 1629 Scholasticorum
634 1587 719 1641 prioris
731 1587 812 1628 aciatis

124 1709 143 1751 1.
161 1707 301 1751 ScholastIei
314 1707 396 1760 prioris
411 1706 498 1748 aetatis
510 1717 587 1759 pauca
600 1707 696 1748 tantum
709 1706 811 1748 tradunt
825 1706 887 1749 cirea
900 1707 946 1748 dis-

91 1775 264 1830 pensationem.
284 1772 384 1816 ‘Pluries
402 1772 512 1817 alludunt
530 1770 560 1811 dd
578 1783 639 1811 ueros
658 1770 844 1824 dispensationes
863 1772 893 1813 ad
909 1772 944 1826 fd·
988 1817 990 1820 ,

90 1842 194 1882 ciendum
204 1842 228 1886 ln
238 1839 414 1894 impedimentis
424 1837 646 1885 matrimonialibus,
658 1840 682 1878 et
692 1838 789 1891 quidem
800 1850 825 1879 eo
836 1841 943 1892 tempore

90 1921 218 1957 concessas,
233 1920 279 1961 quo
294 1907 361 1948 iuxta
375 1905 508 1949 doctrinam
522 1903 617 1948 Esmein
631 1906 655 1944 et
669 1902 770 1952 Freisen,
785 1916 856 1957 quam
870 1917 943 1958 supra

87 1972 332 2029 impugnavimusm),
353 1970 457 2013 Ecclesia
477 1982 559 2013 revera
579 1971 683 2014 nondum
705 1971 869 2024 dispensasset,
902 1972 942 2014 sed

88 2045 184 2086 tantum
202 2040 378 2087 dIssimulasset,
395 2036 608 2088 seu-abstinuisset
625 2050 638 2078 a
654 2037 773 2089 puniendo
791 2039 870 2079 actum
887 2038 942 2081 sim-

87 2109 181 2162 pliciter
191 2107 310 2154 illicitum‚
331 2106 370 2148 uel
384 2104 457 2147 etiam
473 2103 577 2147 invalide
590 2105 672 2147 contra
683 2102 757 2156 legem
770 2103 888 2146 Ecclesiae
899 2116 942 2158 po-

87 2176 160 2218 situm
171 2174 212 2228 (3).

116 2243 155 2284 Ita
167 2241 242 2296 Huco
254 2251 270 2279 A
282 2239 303 2280 S.
316 2238 426 2280 Vrcrona
439 2235 462 2290 (†
476 2235 543 2289 1111)
558 2247 586 2276 ex
598 2248 624 2276 eo
636 2236 700 2290 quod
725 2235 849 2288 Gregorius
860 2236 943 2289 Anglis

87 2310 181 2355 noviter
198 2308 228 2350 ad
244 2306 317 2349 iidem
335 2302 460 2351 conversis,
479 2302 594 2345 concessit
611 2302 811 2357 dispensationem
827 2303 852 2346 in
868 2303 942 2356 impe-

86 2377 191 2420 dimento
204 2370 417 2425 consanguinitatIs
427 2369 451 2412 in
463 2368 548 2422 quinto
560 2367 641 2420 gradu,
654 2368 789 2410 concludit:
801 2383 809 2405 1
818 2368 865 2417 illa,
879 2381 941 2422 quae
957 2401 959 2404 v

85 2442 212 2497 aliquando
231 2439 429 2492 dispensatmnem
447 2434 587 2483 admittunt,
605 2437 633 2475 ut
648 2434 714 2475 licite
728 2433 853 2479 manifeste
869 2434 939 2484 fiant,

85 2508 191 2552 excusari
208 2507 281 2550 etiam
297 2504 339 2547 uhi
355 2504 405 2548 sine
422 2500 598 2555 dispensatione
615 2499 683 2548 fiant,
701 2501 771 2543 modo
788 2500 939 2552 ignorantem

99 2656 143 2719 '(1)
159 2673 190 2710 Ci.
206 2653 340 2713 Gaurum}
357 2669 396 2704 Dic
412 2664 752 2702 6111111111ἀενεοὴοὶαεΐίεσὴεη
769 2664 870 2707 Methode,
886 2665 902 2702 t
919 2665 938 2708 1,

84 2731 172 2777 passim.

54 2801 56 2803 ¹
112 2787 142 2832 (2)
159 2785 188 2822 cf.
204 2793 275 2830 supra,
289 2792 309 2827 p.
324 2781 355 2819 71.
789 2818 791 2821 ,

111 2843 141 2888 (3)
157 2842 187 2878 Cf.
199 2842 318 2881 stranieri,
329 2848 347 2875 1.
358 2837 414 2880 1,,111
423 2835 500 2870 Archiv
509 2835 546 2879 fiir
555 2833 620 2870 Korn.
631 2832 786 2875 Kreonenrecnt,
796 2833 811 2868 t.
822 2831 847 2867 78
857 2831 937 2878 (1898),

82 2908 103 2946 p.
122 2899 169 2936 635.
