2182 3277
115 193 159 237 232
281 208 315 256 on
325 205 560 246 nisenusarrounaus
572 207 637 237 aruo
648 206 845 237 Dscnnrmrsrns

114 317 142 356 ut
156 315 264 359 validum
279 314 369 359 habent
386 318 567 368 argumentum:
584 315 765 369 «dispensatum
782 316 818 357 est
833 313 858 357 in
873 311 967 361 maiori,
982 343 984 346 f

115 390 167 434 ergo
179 384 203 424 et
213 381 238 426 in
248 381 319 424 simili
328 397 337 420 1
347 397 356 420 a
364 383 403 424 vel
415 382 440 424 in
450 382 535 426 minori
545 397 554 420 a
564 394 570 430 ;
583 382 665 424 dieunt
675 384 755 425 tamen
767 380 967 434 dispensationem
994 425 996 428 ,

115 448 210 491 extendi
216 460 285 502 posse
294 447 324 491 ad
331 448 371 490 illa
378 461 439 502 quae
446 448 582 491 virtualiter
589 447 632 491 suh
640 446 719 504 verbis
728 446 966 500 comprehenduntur,

114 526 154 555 seu
166 529 175 551 r
185 526 241 558 casu
254 527 300 570 quo
312 514 371 556 illud
382 514 461 558 minus
472 514 516 557 sub
528 514 612 558 maiori
623 515 773 558 includitur»
796 525 851 557 nam
863 529 872 551 r
882 513 901 554 si
914 523 968 556 con-

113 580 212 623 cedatur
228 580 280 623 iilio
299 580 435 629 sacerdotis,
454 581 518 635 quod
536 581 612 635 possit
629 581 654 623 in
673 580 808 635 episcopum
825 572 967 634 promoueri,
1017 580 1020 583 ⁴
1071 579 1091 587 ’

112 646 157 689 hoc
169 658 305 691 concessum
315 647 411 697 videtur
422 651 447 690 et
458 648 485 689 cle
497 646 605 690 omnibus
617 648 687 690 sacris
698 647 825 696 ordinibus,
844 658 897 689 cum
908 656 967 688 non-

113 713 159 757 nisi
165 713 223 768 ipsis
231 714 307 769 primo
317 715 425 768 receptis,
436 713 520 757 debeat
529 714 582 768 quis
590 714 614 757 in
623 715 758 768 episcopum
766 712 895 755 consecrari
905 727 913 750 1
924 710 965 765 (1).

143 778 165 821 d.
182 780 268 825 Inhac
282 781 388 830 materia,
403 780 563 823 narrentanas
577 783 600 822 et
612 781 661 823 iere
675 792 754 824 omnes
776 783 831 835 post
843 780 909 823 illum
921 778 963 832 (2),
1008 826 1015 836 .

113 847 245 904 promiscue
257 841 387 901 loquuntur
399 846 425 888 de
437 846 606 901 dispensatione
618 848 639 887 et
651 847 677 888 de
688 846 808 899 priuiiepio
826 847 904 886 contro
923 845 966 886 ius.

115 913 181 969 Circa
188 914 247 956 haec
257 914 303 955 duo
312 916 405 962 notant,
415 913 531 969 imprimis
539 915 667 968 utrumque
677 913 799 956 detrahere
807 912 852 954 iuri
861 923 965 954 commu-

114 980 145 1028 ni,
155 981 179 1021 et
187 980 286 1032 proinde
293 973 323 1021 ut
331 979 438 1034 odiosum
446 979 583 1023 habendum
594 993 649 1029 esse,
668 972 691 1021 et
699 979 751 1020 ideo
761 978 949 1031 restringendum
960 991 965 1025 ;

114 1045 198 1090 deinde
217 1045 416 1100 dispensationem
437 1048 460 1087 et
478 1045 626 1099 priuilegium
646 1059 695 1088 esse
713 1044 829 1089 beneficia
846 1044 967 1098 principis,

114 1115 137 1154 et
153 1113 252 1165 proinde
268 1111 383 1155 latissime
399 1113 579 1166 interpretanda
594 1113 680 1155 uideri.
697 1111 769 1154 Porro
789 1114 841 1154 cum
857 1111 915 1153 haec
930 1110 967 1152 ui-

114 1179 214 1223 deantur
234 1178 425 1226 contradictoria,
447 1177 614 1222 difficultatem
633 1179 688 1222 inde
708 1181 784 1221 ortam
805 1179 900 1221 solvunt
921 1177 967 1219 dis-
1009 1178 1011 1181 ’

112 1246 241 1298 tinguendo
254 1260 259 1288 :
268 1245 288 1288 si
296 1258 324 1287 ex
333 1239 507 1300 dispensatione
515 1246 605 1287 nullum
613 1245 791 1298 praeiudicium,
799 1245 838 1287 vel
845 1245 965 1288 modicum

63 1349 65 1351 ,
112 1314 208 1355 tantum
221 1312 288 1355 alteri
300 1311 400 1366 paritur,
413 1312 462 1354 lata
473 1312 638 1364 interpretatio
651 1313 687 1353 est
698 1311 813 1359 iacienda,
837 1312 872 1353 ita
883 1313 964 1354 tamen

112 1381 141 1420 ut
153 1379 298 1432 dispensatio
318 1387 365 1423 non
384 1379 481 1420 excedat
493 1380 569 1421 metas
588 1378 714 1431 potestatis
725 1377 759 1431 (3)
776 1378 838 1420 illius
857 1378 898 1431 qui
918 1378 965 1419 dis-

112 1445 238 1498 pensavitg
253 1445 327 1498 siper
342 1445 540 1499 dispensationem
556 1456 652 1487 enorme
661 1444 832 1498 praeiudicium
847 1447 965 1493 causetur,

112 1511 187 1554 verba
206 1515 262 1555 sunt
282 1511 429 1554 strictissime
448 1511 679 1565 interpretandam).

143 1577 164 1619 5.
180 1576 280 1627 Addunt
291 1578 315 1619 in
327 1577 375 1621 tine
388 1577 546 1632 Raymundus
559 1580 583 1618 et
596 1579 633 1620 alii
646 1580 701 1632 post
721 1589 780 1626 eum,
807 1577 966 1631 dispensatio-

111 1656 165 1687 nem
178 1655 197 1686 α.
213 1644 240 1686 R.
250 1642 366 1697 Pontifice
377 1642 447 1684 uelde
458 1643 507 1685 eius
518 1642 625 1684 mundato
645 1644 734 1686 tactam
746 1643 823 1685 latiori
833 1644 903 1686 modo
916 1656 965 1685 esse

91 1755 93 1758 ,
111 1710 316 1763 interpretandam
329 1722 401 1764 quam
414 1709 614 1763 dispensationem
626 1710 710 1752 iisdem
721 1709 800 1768 uerbis
814 1709 842 1751 ab
857 1709 966 1763 episeopo

130 1895 171 1945 '(1)
186 1901 321 1937 Hosrrnnsrs
332 1927 337 1944 ,
347 1901 440 1944 Lactora,
452 1911 468 1938 c.
479 1901 512 1945 27,
523 1902 551 1938 X.
569 1903 599 1937 De
608 1902 720 1947 rescriptis,
733 1901 749 1945 l,
760 1902 778 1939 4.
788 1915 796 1935 r
806 1902 847 1938 Sed
857 1902 911 1936 etin
923 1902 965 1937 dis-

112 1958 275 2002 pensationihus
294 1958 315 1992 et
331 1958 446 2003 privilegiis
463 1959 520 1995 taint
536 1959 577 1994 hoc
593 1960 750 2004 argumentum,
770 1960 916 2004 dispensatum
935 1959 969 1992 est

114 2015 137 2049 in
148 2015 230 2057 maiori,
242 2023 290 2060 ergo
302 2015 324 2048 et
334 2014 356 2049 in
367 2015 430 2049 simili
440 2015 474 2050 uel
484 2015 583 2052 minori...
596 2016 635 2051 nisi
645 2016 699 2051 illud
709 2015 779 2050 minus
791 2017 829 2050 suh
841 2015 876 2050 illo
888 2014 964 2051 maiori

112 2070 236 2107 includatur
248 2085 261 2107 s.
280 2070 311 2107 Io.
327 2071 452 2106 Annaea-e:
468 2085 475 2104 a
486 2072 540 2106 illud
548 2073 620 2106 tamen
633 2082 676 2107 non
689 2073 756 2107 habet
769 2072 838 2106 locum
846 2072 868 2106 in
877 2071 967 2111 clausis,

114 2128 171 2162 uncle
187 2128 317 2172 dispensatio
334 2128 361 2164 ad
378 2128 514 2164 diaconatum
530 2128 622 2163 includit
637 2130 817 2173 dispensationem
833 2129 861 2165 ad
877 2128 965 2162 subdia-

115 2183 217 2220 conatum
230 2185 252 2218 et
264 2184 348 2218 ordines
360 2183 457 2223 minores.
471 2185 564 2220 nlaxtme
576 2184 629 2220 illud
641 2186 739 2230 procedit
751 2186 772 2219 in
785 2185 872 2219 dirersis
886 2184 966 2229 specie-

115 2241 163 2282 bus,
178 2248 232 2284 qnae
246 2239 404 2275 connexitatem
418 2239 461 2275 non
474 2242 555 2278 habent
564 2253 578 2277 1,
595 2241 650 2277 Add.
667 2241 695 2278 ad
709 2241 767 2287 Sper.
782 2240 897 2282 Duraniis,
915 2241 927 2276 l.
941 2249 968 2282 e.,

143 2351 173 2400 (2)
189 2352 332 2395 Hosrrnnsm,
348 2351 360 2388 l.
374 2361 398 2392 a,
413 2352 443 2388 lo.
457 2353 575 2394 Antoniana,
589 2352 669 2388 ididem.

143 2408 172 2452 (3)
189 2408 329 2450 Gorrnnnus
340 2408 369 2443 ad
379 2409 413 2444 tit,
437 2409 467 2443 De
478 2409 591 2453 rescriptis,
605 2410 626 2444 et
636 2410 672 2445 alii
683 2409 838 2445 Decretalistae
849 2409 877 2443 ad
888 2408 922 2444 tit.
935 2408 967 2442 De

114 2464 170 2509 filiis
189 2465 359 2509 presbyterorum,
380 2466 467 2500 dicunt:
500 2479 507 2498 a
516 2465 585 2500 metas
609 2466 761 2501 iurisdictionis
779 2464 967 2509 interpretantis»,

116 2521 147 2556 lo,
158 2520 268 2556 cananeae
279 2532 283 2556 :
296 2534 303 2553 a
312 2521 381 2558 metas
391 2522 542 2557 iurisdictionis
550 2523 690 2563 concedentis,
704 2522 762 2556 cuins
770 2520 943 2566 estinterpretari
952 2532 966 2557 1,
1037 2517 1041 2519 ’

115 2578 197 2626 Tamen
208 2578 245 2613 ubi
257 2573 333 2627 agitur‘
342 2578 367 2612 de
379 2578 562 2623 interpretatione,
577 2588 618 2614 non
632 2580 657 2613 de
669 2579 706 2616 illa
718 2579 835 2623 generatim
848 2578 926 2621 agitur,
941 2578 968 2620 de

116 2643 160 2679 qua
171 2633 206 2668 hic
220 2634 250 2670 Io.
263 2635 382 2679 Anniana,
397 2635 421 2669 tle
432 2635 610 2680 interpretatione
621 2643 697 2680 nempe
709 2635 774 2680 ipsius
786 2634 919 2679 legislatoris,
932 2633 968 2667 sed
1013 2680 1016 2683 y

115 2692 140 2725 de
152 2690 330 2735 interpretatione
342 2691 429 2735 privata
442 2692 475 2727 vel
488 2686 597 2733 iudiciali3
610 2692 760 2736 interpretatio
773 2691 903 2737 legislatoris
918 2699 969 2723 con-

113 2746 206 2781 cedentis
219 2748 251 2782 est
262 2747 393 2789 authentica,
406 2749 428 2782 et
438 2749 474 2784 illa
484 2749 558 2793 potest
569 2749 750 2793 dispensationem
762 2748 875 2795 extendere
889 2745 924 2782 vel
934 2752 967 2783 rer

113 2802 222 2846 stringere.

144 2858 174 2910 (4)
190 2868 206 2896 r.
216 2859 249 2902 24,
261 2858 302 2908 111,
312 2858 331 2895 4.
341 2858 363 2905 in
372 2859 420 2907 Vin
