<?xml version="1.0" encoding="UTF-8"?>
<!DOCTYPE html PUBLIC "-//W3C//DTD XHTML 1.0 Transitional//EN"
    "http://www.w3.org/TR/xhtml1/DTD/xhtml1-transitional.dtd">
<html xmlns="http://www.w3.org/1999/xhtml" xml:lang="en" lang="en">
 <head>
  <title>
</title>
<meta http-equiv="Content-Type" content="text/html;charset=utf-8" />
  <meta name='ocr-system' content='tesseract 3.04.00' />
  <meta name='ocr-capabilities' content='ocr_page ocr_carea ocr_par ocr_line ocrx_word'/>
</head>
<body>
  <div class='ocr_page' id='page_1' title='image "MN42048ucmf_3_0130.png"; bbox 0 0 2182 3277; ppageno 0'>
   <div class='ocr_carea' id='block_1_1' title="bbox 156 195 988 261">
    <p class='ocr_par' dir='ltr' id='par_1_1' title="bbox 156 195 988 261">
     <span class='ocr_line' id='line_1_1' title="bbox 156 195 988 261; baseline 0.011 -14"><span class='ocrx_word' id='word_1_1' title='bbox 156 195 184 248; x_wconf 75' lang='lat'>80</span> <span class='ocrx_word' id='word_1_2' title='bbox 216 202 988 261; x_wconf 68' lang='lat' dir='ltr'>ouorsr.anscausoenarramusousaocros&#39;smorzmmatau</span> 
     </span>
    </p>
   </div>
   <div class='ocr_carea' id='block_1_2' title="bbox 487 390 651 442">
    <p class='ocr_par' dir='ltr' id='par_1_2' title="bbox 487 390 651 442">
     <span class='ocr_line' id='line_1_2' title="bbox 487 390 651 442; baseline 0.006 -1"><span class='ocrx_word' id='word_1_3' title='bbox 487 390 598 442; x_wconf 76' lang='lat' dir='ltr'>&#39;CAPUT</span> <span class='ocrx_word' id='word_1_4' title='bbox 615 401 651 442; x_wconf 89' lang='grc' dir='ltr'>ΙΙΙ</span> 
     </span>
    </p>
   </div>
   <div class='ocr_carea' id='block_1_3' title="bbox 289 507 907 651">
    <p class='ocr_par' dir='ltr' id='par_1_3' title="bbox 289 507 907 651">
     <span class='ocr_line' id='line_1_3' title="bbox 289 507 872 585; baseline 0.01 -19"><span class='ocrx_word' id='word_1_5' title='bbox 289 525 328 566; x_wconf 82' lang='lat' dir='ltr'>De</span> <span class='ocrx_word' id='word_1_6' title='bbox 344 515 476 580; x_wconf 78' lang='lat' dir='ltr'>potestate</span> <span class='ocrx_word' id='word_1_7' title='bbox 492 527 523 568; x_wconf 88' lang='lat' dir='ltr'>R.</span> <span class='ocrx_word' id='word_1_8' title='bbox 542 507 681 583; x_wconf 70' lang='lat' dir='ltr'>Pcntiticis</span> <span class='ocrx_word' id='word_1_9' title='bbox 699 530 872 585; x_wconf 85' lang='lat' dir='ltr'>dispensandi</span> 
     </span>
     <span class='ocr_line' id='line_1_4' title="bbox 345 593 907 651; baseline 0.005 -17"><span class='ocrx_word' id='word_1_10' title='bbox 345 638 348 641; x_wconf 14' lang='grc' dir='ltr'><em>Α</em></span> <span class='ocrx_word' id='word_1_11' title='bbox 365 593 530 647; x_wconf 71' lang='lat' dir='ltr'>praesentiat</span> <span class='ocrx_word' id='word_1_12' title='bbox 543 594 631 649; x_wconf 81' lang='lat' dir='ltr'>quoad</span> <span class='ocrx_word' id='word_1_13' title='bbox 643 595 686 636; x_wconf 86' lang='lat' dir='ltr'>ius</span> <span class='ocrx_word' id='word_1_14' title='bbox 699 596 821 639; x_wconf 83' lang='lat' dir='ltr'>naturale</span> <span class='ocrx_word' id='word_1_15' title='bbox 842 628 854 651; x_wconf 26' lang='grc' dir='ltr'>,Ι</span> <span class='ocrx_word' id='word_1_16' title='bbox 905 612 907 614; x_wconf 91' lang='grc'><em>·</em></span> 
     </span>
    </p>
   </div>
   <div class='ocr_carea' id='block_1_4' title="bbox 153 700 1029 850">
    <p class='ocr_par' dir='ltr' id='par_1_4' title="bbox 153 700 1029 850">
     <span class='ocr_line' id='line_1_5' title="bbox 183 700 1029 788; baseline 0.009 -24"><span class='ocrx_word' id='word_1_17' title='bbox 183 723 202 766; x_wconf 89' lang='lat'>1.</span> <span class='ocrx_word' id='word_1_18' title='bbox 222 723 261 766; x_wconf 89' lang='lat' dir='ltr'>Ius</span> <span class='ocrx_word' id='word_1_19' title='bbox 279 724 338 766; x_wconf 88' lang='lat' dir='ltr'>illud</span> <span class='ocrx_word' id='word_1_20' title='bbox 357 700 508 779; x_wconf 68' lang='lat' dir='ltr'>pontificium</span> <span class='ocrx_word' id='word_1_21' title='bbox 529 726 656 770; x_wconf 77' lang='lat' dir='ltr'>Gratianus</span> <span class='ocrx_word' id='word_1_22' title='bbox 676 727 783 772; x_wconf 78' lang='lat' dir='ltr'>affirmat</span> <span class='ocrx_word' id='word_1_23' title='bbox 802 742 851 772; x_wconf 89' lang='lat' dir='ltr'>esse</span> <span class='ocrx_word' id='word_1_24' title='bbox 871 729 1005 780; x_wconf 82' lang='lat' dir='ltr'>uniuersale,</span> <span class='ocrx_word' id='word_1_25' title='bbox 1027 786 1029 788; x_wconf 8' lang='grc' dir='ltr'>η</span> 
     </span>
     <span class='ocr_line' id='line_1_6' title="bbox 153 791 1005 850; baseline 0.008 -19"><span class='ocrx_word' id='word_1_26' title='bbox 153 792 270 844; x_wconf 85' lang='lat' dir='ltr'>quatenus</span> <span class='ocrx_word' id='word_1_27' title='bbox 283 804 307 833; x_wconf 91' lang='lat' dir='ltr'>se</span> <span class='ocrx_word' id='word_1_28' title='bbox 320 792 434 835; x_wconf 82' lang='lat' dir='ltr'>extendat</span> <span class='ocrx_word' id='word_1_29' title='bbox 449 791 478 832; x_wconf 83' lang='lat' dir='ltr'>ud</span> <span class='ocrx_word' id='word_1_30' title='bbox 490 803 577 833; x_wconf 85' lang='lat' dir='ltr'>omnem</span> <span class='ocrx_word' id='word_1_31' title='bbox 593 792 660 845; x_wconf 75' lang='lat' dir='ltr'>lepem</span> <span class='ocrx_word' id='word_1_32' title='bbox 674 794 856 848; x_wconf 66' lang='lat' dir='ltr'>ecclesiasticam,</span> <span class='ocrx_word' id='word_1_33' title='bbox 870 808 916 850; x_wconf 83' lang='lat' dir='ltr'>non</span> <span class='ocrx_word' id='word_1_34' title='bbox 932 798 1005 838; x_wconf 82' lang='lat' dir='ltr'>tumen</span> 
     </span>
    </p>
   </div>
   <div class='ocr_carea' id='block_1_5' title="bbox 76 855 1006 916">
    <p class='ocr_par' dir='ltr' id='par_1_5' title="bbox 76 855 1006 916">
     <span class='ocr_line' id='line_1_7' title="bbox 76 855 1006 916; baseline 0.012 -21"><span class='ocrx_word' id='word_1_35' title='bbox 76 862 82 868; x_wconf 78' lang='grc'><strong><em>’</em></strong></span> <span class='ocrx_word' id='word_1_36' title='bbox 142 855 182 908; x_wconf 51' lang='lat' dir='ltr'>¹ud</span> <span class='ocrx_word' id='word_1_37' title='bbox 195 856 262 909; x_wconf 76' lang='lat' dir='ltr'>lepem</span> <span class='ocrx_word' id='word_1_38' title='bbox 274 856 377 898; x_wconf 81' lang='lat' dir='ltr'>divinum</span> <span class='ocrx_word' id='word_1_39' title='bbox 390 857 430 911; x_wconf 81' lang='lat'>(1).</span> <span class='ocrx_word' id='word_1_40' title='bbox 443 858 519 900; x_wconf 93' lang='lat' dir='ltr'>Docet</span> <span class='ocrx_word' id='word_1_41' title='bbox 530 859 593 902; x_wconf 87' lang='lat' dir='ltr'>enim</span> <span class='ocrx_word' id='word_1_42' title='bbox 605 858 634 901; x_wconf 89' lang='lat' dir='ltr'>R.</span> <span class='ocrx_word' id='word_1_43' title='bbox 647 859 791 903; x_wconf 82' lang='lat' dir='ltr'>Pontificem</span> <span class='ocrx_word' id='word_1_44' title='bbox 803 874 851 906; x_wconf 92' lang='lat' dir='ltr'>non</span> <span class='ocrx_word' id='word_1_45' title='bbox 863 876 911 905; x_wconf 89' lang='lat' dir='ltr'>esse</span> <span class='ocrx_word' id='word_1_46' title='bbox 925 864 1006 916; x_wconf 82' lang='lat' dir='ltr'>alliga-</span> 
     </span>
    </p>
   </div>
   <div class='ocr_carea' id='block_1_6' title="bbox 151 923 1004 980">
    <p class='ocr_par' dir='ltr' id='par_1_6' title="bbox 151 923 1004 980">
     <span class='ocr_line' id='line_1_8' title="bbox 151 923 1004 980; baseline 0.009 -18"><span class='ocrx_word' id='word_1_47' title='bbox 151 925 203 963; x_wconf 89' lang='lat' dir='ltr'>tum</span> <span class='ocrx_word' id='word_1_48' title='bbox 216 923 352 973; x_wconf 86' lang='lat' dir='ltr'>canonibus,</span> <span class='ocrx_word' id='word_1_49' title='bbox 365 937 406 965; x_wconf 88' lang='lat' dir='ltr'>seu</span> <span class='ocrx_word' id='word_1_50' title='bbox 417 924 507 977; x_wconf 81' lang='lat' dir='ltr'>legibus</span> <span class='ocrx_word' id='word_1_51' title='bbox 519 925 690 975; x_wconf 88' lang='lat' dir='ltr'>ecclesiasticis,</span> <span class='ocrx_word' id='word_1_52' title='bbox 704 927 760 980; x_wconf 86' lang='lat' dir='ltr'>quia</span> <span class='ocrx_word' id='word_1_53' title='bbox 771 927 856 971; x_wconf 89' lang='lat' dir='ltr'>harum</span> <span class='ocrx_word' id='word_1_54' title='bbox 868 931 903 970; x_wconf 91' lang='lat' dir='ltr'>est</span> <span class='ocrx_word' id='word_1_55' title='bbox 916 932 1004 979; x_wconf 78' lang='lat' dir='ltr'>auctor,</span> 
     </span>
    </p>
   </div>
   <div class='ocr_carea' id='block_1_7' title="bbox 94 990 1045 1837">
    <p class='ocr_par' dir='ltr' id='par_1_7' title="bbox 94 990 1045 1773">
     <span class='ocr_line' id='line_1_9' title="bbox 152 990 1001 1051; baseline 0.011 -23"><span class='ocrx_word' id='word_1_56' title='bbox 152 1000 204 1031; x_wconf 91' lang='lat' dir='ltr'>cum</span> <span class='ocrx_word' id='word_1_57' title='bbox 216 990 318 1041; x_wconf 80' lang='lat' dir='ltr'>generali</span> <span class='ocrx_word' id='word_1_58' title='bbox 329 991 399 1032; x_wconf 92' lang='lat' dir='ltr'>modo</span> <span class='ocrx_word' id='word_1_59' title='bbox 413 990 492 1051; x_wconf 82' lang='lat' dir='ltr'>dicat:</span> <span class='ocrx_word' id='word_1_60' title='bbox 505 992 701 1034; x_wconf 74' lang='lat' dir='ltr'>«consuetudinis</span> <span class='ocrx_word' id='word_1_61' title='bbox 713 994 750 1035; x_wconf 87' lang='lat' dir='ltr'>vel</span> <span class='ocrx_word' id='word_1_62' title='bbox 763 995 949 1044; x_wconf 82' lang='lat' dir='ltr'>constitutionis,</span> <span class='ocrx_word' id='word_1_63' title='bbox 962 996 1001 1042; x_wconf 80' lang='lat' dir='ltr'>ie.</span> 
     </span>
     <span class='ocr_line' id='line_1_10' title="bbox 150 1055 1004 1114; baseline 0.009 -19"><span class='ocrx_word' id='word_1_64' title='bbox 150 1055 206 1107; x_wconf 81' lang='lat' dir='ltr'>legis</span> <span class='ocrx_word' id='word_1_65' title='bbox 222 1055 394 1099; x_wconf 87' lang='lat' dir='ltr'>ecclesiasticae</span> <span class='ocrx_word' id='word_1_66' title='bbox 410 1057 472 1110; x_wconf 78' lang='lat' dir='ltr'>rigor</span> <span class='ocrx_word' id='word_1_67' title='bbox 487 1069 666 1111; x_wconf 85' lang='lat' dir='ltr'>nonnumquam</span> <span class='ocrx_word' id='word_1_68' title='bbox 682 1059 821 1102; x_wconf 79' lang='lat' dir='ltr'>relaxatur»</span> <span class='ocrx_word' id='word_1_69' title='bbox 833 1059 873 1114; x_wconf 86' lang='lat'>(2).</span> <span class='ocrx_word' id='word_1_70' title='bbox 891 1059 963 1103; x_wconf 91' lang='lat' dir='ltr'>Porro</span> <span class='ocrx_word' id='word_1_71' title='bbox 979 1062 1004 1105; x_wconf 95' lang='lat' dir='ltr'>in</span> 
     </span>
     <span class='ocr_line' id='line_1_11' title="bbox 150 1121 1045 1185; baseline 0.01 -24"><span class='ocrx_word' id='word_1_72' title='bbox 150 1121 315 1175; x_wconf 80' lang='lat' dir='ltr'>terminologia</span> <span class='ocrx_word' id='word_1_73' title='bbox 334 1122 441 1165; x_wconf 88' lang='lat' dir='ltr'>Gratiani</span> <span class='ocrx_word' id='word_1_74' title='bbox 458 1123 521 1166; x_wconf 92' lang='lat' dir='ltr'>idem</span> <span class='ocrx_word' id='word_1_75' title='bbox 539 1127 576 1165; x_wconf 95' lang='lat' dir='ltr'>est</span> <span class='ocrx_word' id='word_1_76' title='bbox 593 1124 751 1168; x_wconf 84' lang='lat' dir='ltr'>ecclesiastica</span> <span class='ocrx_word' id='word_1_77' title='bbox 769 1127 909 1170; x_wconf 89' lang='lat' dir='ltr'>constitutio</span> <span class='ocrx_word' id='word_1_78' title='bbox 938 1129 1001 1181; x_wconf 90' lang='lat' dir='ltr'>quod</span> <span class='ocrx_word' id='word_1_79' title='bbox 1043 1180 1045 1185; x_wconf 87' lang='lat'>.</span> 
     </span>
     <span class='ocr_line' id='line_1_12' title="bbox 150 1198 969 1248; baseline 0.011 -20"><span class='ocrx_word' id='word_1_80' title='bbox 150 1198 233 1231; x_wconf 86' lang='lat' dir='ltr'>canon.</span> <span class='ocrx_word' id='word_1_81' title='bbox 967 1245 969 1248; x_wconf 16' lang='grc' dir='ltr'>ι</span> 
     </span>
     <span class='ocr_line' id='line_1_13' title="bbox 115 1252 1004 1309; baseline 0.01 -16"><span class='ocrx_word' id='word_1_82' title='bbox 115 1276 131 1306; x_wconf 58' lang='lat'>4</span> <span class='ocrx_word' id='word_1_83' title='bbox 179 1252 327 1296; x_wconf 89' lang='lat' dir='ltr'>Potestatem</span> <span class='ocrx_word' id='word_1_84' title='bbox 347 1255 497 1308; x_wconf 88' lang='lat' dir='ltr'>dispensandi</span> <span class='ocrx_word' id='word_1_85' title='bbox 526 1258 550 1296; x_wconf 89' lang='lat' dir='ltr'>et</span> <span class='ocrx_word' id='word_1_86' title='bbox 578 1256 652 1309; x_wconf 82' lang='lat' dir='ltr'>legem</span> <span class='ocrx_word' id='word_1_87' title='bbox 671 1257 761 1300; x_wconf 87' lang='lat' dir='ltr'>ferendi</span> <span class='ocrx_word' id='word_1_88' title='bbox 781 1259 868 1301; x_wconf 92' lang='lat' dir='ltr'>eisdem</span> <span class='ocrx_word' id='word_1_89' title='bbox 887 1258 1004 1302; x_wconf 88' lang='lat' dir='ltr'>limitibus</span> 
     </span>
     <span class='ocr_line' id='line_1_14' title="bbox 150 1318 1005 1368; baseline 0.009 -8"><span class='ocrx_word' id='word_1_90' title='bbox 150 1318 320 1362; x_wconf 85' lang='lat' dir='ltr'>circumscribit</span> <span class='ocrx_word' id='word_1_91' title='bbox 330 1321 365 1363; x_wconf 91' lang='lat' dir='ltr'>ita</span> <span class='ocrx_word' id='word_1_92' title='bbox 376 1324 404 1362; x_wconf 88' lang='lat' dir='ltr'>ut</span> <span class='ocrx_word' id='word_1_93' title='bbox 416 1324 500 1364; x_wconf 88' lang='lat' dir='ltr'>neutra</span> <span class='ocrx_word' id='word_1_94' title='bbox 511 1335 534 1363; x_wconf 93' lang='lat' dir='ltr'>se</span> <span class='ocrx_word' id='word_1_95' title='bbox 547 1323 661 1366; x_wconf 83' lang='lat' dir='ltr'>extendat</span> <span class='ocrx_word' id='word_1_96' title='bbox 673 1324 750 1366; x_wconf 88' lang='lat' dir='ltr'>adius</span> <span class='ocrx_word' id='word_1_97' title='bbox 763 1325 877 1368; x_wconf 88' lang='lat' dir='ltr'>naturale.</span> <span class='ocrx_word' id='word_1_98' title='bbox 900 1324 951 1367; x_wconf 91' lang='lat' dir='ltr'>Hoc</span> <span class='ocrx_word' id='word_1_99' title='bbox 963 1339 1005 1368; x_wconf 89' lang='lat' dir='ltr'>au·</span> 
     </span>
     <span class='ocr_line' id='line_1_15' title="bbox 148 1386 1004 1445; baseline 0.008 -19"><span class='ocrx_word' id='word_1_100' title='bbox 148 1388 197 1428; x_wconf 88' lang='lat' dir='ltr'>tem</span> <span class='ocrx_word' id='word_1_101' title='bbox 208 1386 320 1440; x_wconf 79' lang='lat' dir='ltr'>intelligit</span> <span class='ocrx_word' id='word_1_102' title='bbox 331 1401 335 1429; x_wconf 95' lang='lat'><strong>:</strong></span> <span class='ocrx_word' id='word_1_103' title='bbox 348 1403 356 1425; x_wconf 72' lang='lat' dir='ltr'>c</span> <span class='ocrx_word' id='word_1_104' title='bbox 366 1388 402 1429; x_wconf 85' lang='lat' dir='ltr'>lus</span> <span class='ocrx_word' id='word_1_105' title='bbox 414 1401 428 1431; x_wconf 88' lang='lat' dir='ltr'>a</span> <span class='ocrx_word' id='word_1_106' title='bbox 439 1387 488 1430; x_wconf 89' lang='lat' dir='ltr'>Deo</span> <span class='ocrx_word' id='word_1_107' title='bbox 501 1388 635 1438; x_wconf 86' lang='lat' dir='ltr'>definitum,</span> <span class='ocrx_word' id='word_1_108' title='bbox 647 1390 685 1431; x_wconf 88' lang='lat' dir='ltr'>vel</span> <span class='ocrx_word' id='word_1_109' title='bbox 695 1389 720 1431; x_wconf 89' lang='lat' dir='ltr'>in</span> <span class='ocrx_word' id='word_1_110' title='bbox 733 1389 754 1431; x_wconf 88' lang='lat' dir='ltr'>S.</span> <span class='ocrx_word' id='word_1_111' title='bbox 768 1389 889 1443; x_wconf 85' lang='lat' dir='ltr'>Scriptura</span> <span class='ocrx_word' id='word_1_112' title='bbox 911 1403 1004 1445; x_wconf 81' lang='lat' dir='ltr'>expres-</span> 
     </span>
     <span class='ocr_line' id='line_1_16' title="bbox 149 1453 1004 1511; baseline 0.007 -18"><span class='ocrx_word' id='word_1_113' title='bbox 149 1464 200 1494; x_wconf 93' lang='lat' dir='ltr'>sum</span> <span class='ocrx_word' id='word_1_114' title='bbox 210 1468 220 1490; x_wconf 74' lang='lat' dir='ltr'>J&gt;</span> <span class='ocrx_word' id='word_1_115' title='bbox 233 1453 280 1494; x_wconf 71' lang='lat' dir='ltr'>vel«</span> <span class='ocrx_word' id='word_1_116' title='bbox 300 1453 337 1495; x_wconf 92' lang='lat' dir='ltr'>ius</span> <span class='ocrx_word' id='word_1_117' title='bbox 351 1454 452 1507; x_wconf 69' lang='lat' dir='ltr'>quod‘in</span> <span class='ocrx_word' id='word_1_118' title='bbox 465 1453 524 1506; x_wconf 80' lang='lat' dir='ltr'>Lege</span> <span class='ocrx_word' id='word_1_119' title='bbox 538 1457 562 1496; x_wconf 88' lang='lat' dir='ltr'>et</span> <span class='ocrx_word' id='word_1_120' title='bbox 576 1454 704 1508; x_wconf 79' lang='lat' dir='ltr'>Evangelio</span> <span class='ocrx_word' id='word_1_121' title='bbox 718 1456 871 1510; x_wconf 80' lang='lat' dir='ltr'>continetur»</span> <span class='ocrx_word' id='word_1_122' title='bbox 883 1456 924 1511; x_wconf 81' lang='lat'>(3).</span> <span class='ocrx_word' id='word_1_123' title='bbox 939 1457 1004 1499; x_wconf 85' lang='lat' dir='ltr'>Dicit</span> 
     </span>
     <span class='ocr_line' id='line_1_17' title="bbox 149 1513 999 1577; baseline 0.009 -18"><span class='ocrx_word' id='word_1_124' title='bbox 149 1518 211 1562; x_wconf 90' lang='lat' dir='ltr'>enim</span> <span class='ocrx_word' id='word_1_125' title='bbox 222 1532 227 1559; x_wconf 88' lang='lat'>:</span> <span class='ocrx_word' id='word_1_126' title='bbox 244 1534 253 1556; x_wconf 72' lang='lat' dir='ltr'>c</span> <span class='ocrx_word' id='word_1_127' title='bbox 263 1513 381 1561; x_wconf 88' lang='lat' dir='ltr'>adversus</span> <span class='ocrx_word' id='word_1_128' title='bbox 390 1521 426 1561; x_wconf 91' lang='lat' dir='ltr'>ius</span> <span class='ocrx_word' id='word_1_129' title='bbox 443 1520 550 1563; x_wconf 86' lang='lat' dir='ltr'>naturale</span> <span class='ocrx_word' id='word_1_130' title='bbox 559 1521 623 1564; x_wconf 88' lang='lat' dir='ltr'>nulla</span> <span class='ocrx_word' id='word_1_131' title='bbox 631 1522 767 1564; x_wconf 89' lang='lat' dir='ltr'>admittitur</span> <span class='ocrx_word' id='word_1_132' title='bbox 783 1523 927 1576; x_wconf 87' lang='lat' dir='ltr'>dispensatio</span> <span class='ocrx_word' id='word_1_133' title='bbox 939 1539 947 1558; x_wconf 82' lang='grc'>»</span> <span class='ocrx_word' id='word_1_134' title='bbox 957 1522 999 1577; x_wconf 85' lang='grc'>(4).</span> 
     </span>
     <span class='ocr_line' id='line_1_18' title="bbox 94 1582 1002 1640; baseline 0.011 -17"><span class='ocrx_word' id='word_1_135' title='bbox 94 1637 95 1640; x_wconf 9' lang='lat'>¹</span> <span class='ocrx_word' id='word_1_136' title='bbox 149 1582 226 1628; x_wconf 91' lang='lat' dir='ltr'>Unam</span> <span class='ocrx_word' id='word_1_137' title='bbox 253 1587 334 1629; x_wconf 86' lang='lat' dir='ltr'>tamen</span> <span class='ocrx_word' id='word_1_138' title='bbox 352 1586 514 1639; x_wconf 85' lang='lat' dir='ltr'>exceptionem</span> <span class='ocrx_word' id='word_1_139' title='bbox 532 1587 655 1629; x_wconf 88' lang='lat' dir='ltr'>admittit:</span> <span class='ocrx_word' id='word_1_140' title='bbox 675 1588 735 1631; x_wconf 83' lang='lat' dir='ltr'>«nisi</span> <span class='ocrx_word' id='word_1_141' title='bbox 752 1587 813 1630; x_wconf 84' lang='lat' dir='ltr'>forte</span> <span class='ocrx_word' id='word_1_142' title='bbox 831 1589 877 1630; x_wconf 90' lang='lat' dir='ltr'>duo</span> <span class='ocrx_word' id='word_1_143' title='bbox 895 1590 1002 1633; x_wconf 90' lang='lat' dir='ltr'>malaita</span> 
     </span>
     <span class='ocr_line' id='line_1_19' title="bbox 147 1652 1002 1709; baseline 0.009 -18"><span class='ocrx_word' id='word_1_144' title='bbox 147 1654 254 1703; x_wconf 78' lang='lat' dir='ltr'>urgeant,</span> <span class='ocrx_word' id='word_1_145' title='bbox 268 1654 295 1692; x_wconf 88' lang='lat' dir='ltr'>ut</span> <span class='ocrx_word' id='word_1_146' title='bbox 309 1652 409 1694; x_wconf 89' lang='lat' dir='ltr'>alterum</span> <span class='ocrx_word' id='word_1_147' title='bbox 422 1664 502 1694; x_wconf 90' lang='lat' dir='ltr'>eorum</span> <span class='ocrx_word' id='word_1_148' title='bbox 516 1653 569 1706; x_wconf 81' lang='lat' dir='ltr'>eligi</span> <span class='ocrx_word' id='word_1_149' title='bbox 582 1665 675 1695; x_wconf 87' lang='lat' dir='ltr'>necesse</span> <span class='ocrx_word' id='word_1_150' title='bbox 688 1655 720 1695; x_wconf 90' lang='lat' dir='ltr'>sit</span> <span class='ocrx_word' id='word_1_151' title='bbox 729 1669 745 1696; x_wconf 87' lang='lat'>».</span> <span class='ocrx_word' id='word_1_152' title='bbox 770 1653 820 1705; x_wconf 82' lang='lat' dir='ltr'>Quo</span> <span class='ocrx_word' id='word_1_153' title='bbox 835 1661 1002 1709; x_wconf 76' lang='lat' dir='ltr'>casu&#39;sequen-</span> 
     </span>
     <span class='ocr_line' id='line_1_20' title="bbox 148 1717 783 1773; baseline 0.006 -15"><span class='ocrx_word' id='word_1_154' title='bbox 148 1717 204 1759; x_wconf 91' lang='lat' dir='ltr'>dum</span> <span class='ocrx_word' id='word_1_155' title='bbox 218 1720 254 1759; x_wconf 91' lang='lat' dir='ltr'>est</span> <span class='ocrx_word' id='word_1_156' title='bbox 266 1718 290 1759; x_wconf 90' lang='lat' dir='ltr'>id</span> <span class='ocrx_word' id='word_1_157' title='bbox 304 1719 367 1771; x_wconf 88' lang='lat' dir='ltr'>quod</span> <span class='ocrx_word' id='word_1_158' title='bbox 381 1718 465 1762; x_wconf 83' lang='lat' dir='ltr'>mmori</span> <span class='ocrx_word' id='word_1_159' title='bbox 479 1719 584 1762; x_wconf 91' lang='lat' dir='ltr'>noscitur</span> <span class='ocrx_word' id='word_1_160' title='bbox 598 1732 660 1763; x_wconf 81' lang='lat' dir='ltr'>nexu</span> <span class='ocrx_word' id='word_1_161' title='bbox 674 1719 783 1773; x_wconf 80' lang='lat' dir='ltr'>obligare.</span> 
     </span>
    </p>

    <p class='ocr_par' dir='ltr' id='par_1_8' title="bbox 177 1779 998 1837">
     <span class='ocr_line' id='line_1_21' title="bbox 177 1779 998 1837; baseline 0.006 -12"><span class='ocrx_word' id='word_1_162' title='bbox 177 1783 197 1825; x_wconf 85' lang='lat'>2.</span> <span class='ocrx_word' id='word_1_163' title='bbox 218 1783 256 1825; x_wconf 91' lang='lat' dir='ltr'>lus</span> <span class='ocrx_word' id='word_1_164' title='bbox 274 1785 381 1828; x_wconf 86' lang='lat' dir='ltr'>naturale</span> <span class='ocrx_word' id='word_1_165' title='bbox 398 1779 577 1837; x_wconf 82' lang='lat' dir='ltr'>intelligendum</span> <span class='ocrx_word' id='word_1_166' title='bbox 595 1798 644 1827; x_wconf 89' lang='lat' dir='ltr'>esse</span> <span class='ocrx_word' id='word_1_167' title='bbox 661 1786 730 1828; x_wconf 80' lang='lat' dir='ltr'>iuxta</span> <span class='ocrx_word' id='word_1_168' title='bbox 748 1786 896 1836; x_wconf 83' lang='lat' dir='ltr'>Gratianum,</span> <span class='ocrx_word' id='word_1_169' title='bbox 925 1788 953 1830; x_wconf 89' lang='lat' dir='ltr'>de</span> <span class='ocrx_word' id='word_1_170' title='bbox 971 1801 998 1830; x_wconf 91' lang='lat' dir='ltr'>eo</span> 
     </span>
    </p>
   </div>
   <div class='ocr_carea' id='block_1_8' title="bbox 141 1983 1049 3092">
    <p class='ocr_par' dir='ltr' id='par_1_9' title="bbox 145 1983 1049 2314">
     <span class='ocr_line' id='line_1_22' title="bbox 174 1983 999 2034; baseline 0.004 -10"><span class='ocrx_word' id='word_1_171' title='bbox 174 1989 203 2034; x_wconf 84' lang='lat'>(1)</span> <span class='ocrx_word' id='word_1_172' title='bbox 220 1987 335 2027; x_wconf 81' lang='lat' dir='ltr'>Gratianus</span> <span class='ocrx_word' id='word_1_173' title='bbox 349 1991 423 2025; x_wconf 87' lang='lat' dir='ltr'>tamen</span> <span class='ocrx_word' id='word_1_174' title='bbox 437 1989 459 2025; x_wconf 89' lang='lat' dir='ltr'>in</span> <span class='ocrx_word' id='word_1_175' title='bbox 475 1999 513 2025; x_wconf 89' lang='lat' dir='ltr'>sua</span> <span class='ocrx_word' id='word_1_176' title='bbox 529 1990 626 2025; x_wconf 83' lang='lat' dir='ltr'>doctrina</span> <span class='ocrx_word' id='word_1_177' title='bbox 642 1991 668 2025; x_wconf 91' lang='lat' dir='ltr'>de</span> <span class='ocrx_word' id='word_1_178' title='bbox 682 1990 752 2034; x_wconf 82' lang='lat' dir='ltr'>legum</span> <span class='ocrx_word' id='word_1_179' title='bbox 770 1983 952 2028; x_wconf 82' lang='lat' dir='ltr'>divisioneomne</span> <span class='ocrx_word' id='word_1_180' title='bbox 966 1993 999 2028; x_wconf 84' lang='lat' dir='ltr'>fus</span> 
     </span>
     <span class='ocr_line' id='line_1_23' title="bbox 146 2046 998 2096; baseline 0.006 -16"><span class='ocrx_word' id='word_1_181' title='bbox 146 2047 274 2081; x_wconf 87' lang='lat' dir='ltr'>canonicum</span> <span class='ocrx_word' id='word_1_182' title='bbox 292 2047 451 2090; x_wconf 86' lang='lat' dir='ltr'>quodammodo</span> <span class='ocrx_word' id='word_1_183' title='bbox 469 2048 533 2083; x_wconf 83' lang='lat' dir='ltr'>vocar</span> <span class='ocrx_word' id='word_1_184' title='bbox 543 2047 640 2082; x_wconf 80' lang='lat' dir='ltr'>divinum</span> <span class='ocrx_word' id='word_1_185' title='bbox 658 2046 693 2090; x_wconf 90' lang='lat' dir='ltr'>(cf.</span> <span class='ocrx_word' id='word_1_186' title='bbox 713 2047 762 2083; x_wconf 91' lang='lat' dir='ltr'>dict.</span> <span class='ocrx_word' id='word_1_187' title='bbox 782 2048 841 2085; x_wconf 80' lang='lat' dir='ltr'>Grat.</span> <span class='ocrx_word' id='word_1_188' title='bbox 860 2056 908 2091; x_wconf 73' lang='lat' dir='ltr'>pc.</span> <span class='ocrx_word' id='word_1_189' title='bbox 928 2048 963 2096; x_wconf 77' lang='lat'>11,</span> <span class='ocrx_word' id='word_1_190' title='bbox 972 2050 998 2085; x_wconf 92' lang='lat' dir='ltr'>D.</span> 
     </span>
     <span class='ocr_line' id='line_1_24' title="bbox 149 2101 1049 2148; baseline 0.003 -13"><span class='ocrx_word' id='word_1_191' title='bbox 149 2101 203 2146; x_wconf 86' lang='grc' dir='ltr'>ΙΧ);</span> <span class='ocrx_word' id='word_1_192' title='bbox 230 2103 267 2136; x_wconf 84' lang='lat' dir='ltr'>sed</span> <span class='ocrx_word' id='word_1_193' title='bbox 278 2102 384 2137; x_wconf 90' lang='lat' dir='ltr'>immerito</span> <span class='ocrx_word' id='word_1_194' title='bbox 398 2103 510 2137; x_wconf 79' lang='lat' dir='ltr'>inferretur</span> <span class='ocrx_word' id='word_1_195' title='bbox 537 2103 621 2137; x_wconf 87' lang='lat' dir='ltr'>hocius</span> <span class='ocrx_word' id='word_1_196' title='bbox 633 2103 695 2140; x_wconf 79' lang='lat' dir='ltr'>quta</span> <span class='ocrx_word' id='word_1_197' title='bbox 712 2103 782 2148; x_wconf 85' lang='lat' dir='ltr'>ipsum</span> <span class='ocrx_word' id='word_1_198' title='bbox 798 2112 842 2137; x_wconf 91' lang='lat' dir='ltr'>esse</span> <span class='ocrx_word' id='word_1_199' title='bbox 857 2103 997 2147; x_wconf 84' lang='lat' dir='ltr'>immutabile,</span> <span class='ocrx_word' id='word_1_200' title='bbox 1047 2124 1049 2126; x_wconf 96' lang='lat'>-</span> 
     </span>
     <span class='ocr_line' id='line_1_25' title="bbox 147 2158 998 2204; baseline 0.001 -12"><span class='ocrx_word' id='word_1_201' title='bbox 147 2158 252 2202; x_wconf 86' lang='lat' dir='ltr'>siquidem</span> <span class='ocrx_word' id='word_1_202' title='bbox 263 2159 425 2193; x_wconf 85' lang='lat' dir='ltr'>distinctionem</span> <span class='ocrx_word' id='word_1_203' title='bbox 434 2159 490 2193; x_wconf 88' lang='lat' dir='ltr'>inter</span> <span class='ocrx_word' id='word_1_204' title='bbox 499 2159 531 2192; x_wconf 89' lang='lat' dir='ltr'>ius</span> <span class='ocrx_word' id='word_1_205' title='bbox 542 2158 638 2194; x_wconf 80' lang='lat' dir='ltr'>divinum</span> <span class='ocrx_word' id='word_1_206' title='bbox 647 2160 669 2192; x_wconf 91' lang='lat' dir='ltr'>et</span> <span class='ocrx_word' id='word_1_207' title='bbox 677 2159 744 2203; x_wconf 80' lang='lat' dir='ltr'>legem</span> <span class='ocrx_word' id='word_1_208' title='bbox 753 2159 916 2194; x_wconf 86' lang='lat' dir='ltr'>ecclesiasticam</span> <span class='ocrx_word' id='word_1_209' title='bbox 925 2161 998 2204; x_wconf 86' lang='lat' dir='ltr'>aperte</span> 
     </span>
     <span class='ocr_line' id='line_1_26' title="bbox 146 2214 996 2252; baseline 0.005 -4"><span class='ocrx_word' id='word_1_210' title='bbox 146 2214 230 2250; x_wconf 86' lang='lat' dir='ltr'>statuit.</span> <span class='ocrx_word' id='word_1_211' title='bbox 241 2214 303 2249; x_wconf 89' lang='lat' dir='ltr'>Unde</span> <span class='ocrx_word' id='word_1_212' title='bbox 312 2214 529 2250; x_wconf 85' lang='lat' dir='ltr'>conclusionesSohm</span> <span class='ocrx_word' id='word_1_213' title='bbox 539 2215 565 2248; x_wconf 88' lang='lat' dir='ltr'>de</span> <span class='ocrx_word' id='word_1_214' title='bbox 575 2214 671 2251; x_wconf 81' lang='lat' dir='ltr'>doctrina</span> <span class='ocrx_word' id='word_1_215' title='bbox 681 2215 777 2251; x_wconf 89' lang='lat' dir='ltr'>Gratiani</span> <span class='ocrx_word' id='word_1_216' title='bbox 794 2225 836 2250; x_wconf 91' lang='lat' dir='ltr'>non</span> <span class='ocrx_word' id='word_1_217' title='bbox 846 2216 896 2250; x_wconf 90' lang='lat' dir='ltr'>suut</span> <span class='ocrx_word' id='word_1_218' title='bbox 911 2216 996 2252; x_wconf 91' lang='lat' dir='ltr'>omnino</span> 
     </span>
     <span class='ocr_line' id='line_1_27' title="bbox 145 2269 666 2314; baseline 0.006 -11"><span class='ocrx_word' id='word_1_219' title='bbox 145 2271 222 2308; x_wconf 84' lang='lat' dir='ltr'>rectae.</span> <span class='ocrx_word' id='word_1_220' title='bbox 236 2270 265 2306; x_wconf 86' lang='lat' dir='ltr'>Cf.</span> <span class='ocrx_word' id='word_1_221' title='bbox 277 2270 346 2313; x_wconf 77' lang='lat' dir='ltr'>sonu,</span> <span class='ocrx_word' id='word_1_222' title='bbox 358 2269 507 2312; x_wconf 83' lang='lat' dir='ltr'>Kirclrcnreclrt‚</span> <span class='ocrx_word' id='word_1_223' title='bbox 518 2272 534 2305; x_wconf 87' lang='lat' dir='ltr'>t.</span> <span class='ocrx_word' id='word_1_224' title='bbox 548 2270 576 2312; x_wconf 92' lang='lat' dir='ltr'>II,</span> <span class='ocrx_word' id='word_1_225' title='bbox 587 2279 608 2314; x_wconf 88' lang='lat' dir='ltr'>p.</span> <span class='ocrx_word' id='word_1_226' title='bbox 621 2270 666 2306; x_wconf 84' lang='lat'>103.</span> 
     </span>
    </p>

    <p class='ocr_par' dir='ltr' id='par_1_10' title="bbox 173 2326 538 2371">
     <span class='ocr_line' id='line_1_28' title="bbox 173 2326 538 2371; baseline 0.003 -10"><span class='ocrx_word' id='word_1_227' title='bbox 173 2326 203 2371; x_wconf 86' lang='lat'>(2)</span> <span class='ocrx_word' id='word_1_228' title='bbox 220 2327 276 2363; x_wconf 89' lang='lat' dir='ltr'>Dict.</span> <span class='ocrx_word' id='word_1_229' title='bbox 287 2327 346 2364; x_wconf 87' lang='lat' dir='ltr'>Grat.</span> <span class='ocrx_word' id='word_1_230' title='bbox 356 2336 375 2363; x_wconf 90' lang='lat' dir='ltr'>a.</span> <span class='ocrx_word' id='word_1_231' title='bbox 386 2336 404 2362; x_wconf 85' lang='lat' dir='ltr'>c.</span> <span class='ocrx_word' id='word_1_232' title='bbox 414 2326 432 2369; x_wconf 83' lang='lat'>2,</span> <span class='ocrx_word' id='word_1_233' title='bbox 444 2327 469 2362; x_wconf 91' lang='lat' dir='ltr'>D.</span> <span class='ocrx_word' id='word_1_234' title='bbox 480 2326 538 2362; x_wconf 85' lang='lat' dir='ltr'>XIV.</span> 
     </span>
    </p>

    <p class='ocr_par' dir='ltr' id='par_1_11' title="bbox 173 2382 536 2427">
     <span class='ocr_line' id='line_1_29' title="bbox 173 2382 536 2427; baseline -0.003 -9"><span class='ocrx_word' id='word_1_235' title='bbox 173 2382 202 2427; x_wconf 89' lang='lat'>(3)</span> <span class='ocrx_word' id='word_1_236' title='bbox 220 2383 275 2418; x_wconf 86' lang='lat' dir='ltr'>Dict.</span> <span class='ocrx_word' id='word_1_237' title='bbox 287 2383 345 2420; x_wconf 88' lang='lat' dir='ltr'>Grat.</span> <span class='ocrx_word' id='word_1_238' title='bbox 355 2392 374 2418; x_wconf 89' lang='lat' dir='ltr'>a.</span> <span class='ocrx_word' id='word_1_239' title='bbox 386 2392 402 2418; x_wconf 91' lang='lat' dir='ltr'>c.</span> <span class='ocrx_word' id='word_1_240' title='bbox 413 2382 431 2425; x_wconf 85' lang='lat'>1,</span> <span class='ocrx_word' id='word_1_241' title='bbox 442 2383 467 2418; x_wconf 92' lang='lat' dir='ltr'>D.</span> <span class='ocrx_word' id='word_1_242' title='bbox 478 2382 536 2417; x_wconf 85' lang='lat' dir='ltr'>XIV.</span> 
     </span>
    </p>

    <p class='ocr_par' dir='ltr' id='par_1_12' title="bbox 141 2438 996 3092">
     <span class='ocr_line' id='line_1_30' title="bbox 173 2438 996 2483; baseline 0 -10"><span class='ocrx_word' id='word_1_243' title='bbox 173 2438 202 2483; x_wconf 82' lang='lat'>(4)</span> <span class='ocrx_word' id='word_1_244' title='bbox 219 2440 275 2475; x_wconf 91' lang='lat' dir='ltr'>Dict.</span> <span class='ocrx_word' id='word_1_245' title='bbox 286 2440 345 2477; x_wconf 84' lang='lat' dir='ltr'>Grat.</span> <span class='ocrx_word' id='word_1_246' title='bbox 355 2449 374 2474; x_wconf 87' lang='lat' dir='ltr'>a.</span> <span class='ocrx_word' id='word_1_247' title='bbox 385 2447 402 2474; x_wconf 91' lang='lat' dir='ltr'>c.</span> <span class='ocrx_word' id='word_1_248' title='bbox 413 2438 431 2482; x_wconf 84' lang='lat'>1,</span> <span class='ocrx_word' id='word_1_249' title='bbox 442 2438 467 2474; x_wconf 88' lang='lat' dir='ltr'>D.</span> <span class='ocrx_word' id='word_1_250' title='bbox 478 2438 541 2474; x_wconf 84' lang='lat' dir='ltr'>XIII.</span> <span class='ocrx_word' id='word_1_251' title='bbox 552 2438 657 2481; x_wconf 77' lang='lat' dir='ltr'>Fuursuu,</span> <span class='ocrx_word' id='word_1_252' title='bbox 667 2447 684 2474; x_wconf 89' lang='lat' dir='ltr'>o.</span> <span class='ocrx_word' id='word_1_253' title='bbox 694 2447 717 2480; x_wconf 77' lang='lat' dir='ltr'>c,</span> <span class='ocrx_word' id='word_1_254' title='bbox 727 2446 748 2483; x_wconf 90' lang='lat' dir='ltr'>p.</span> <span class='ocrx_word' id='word_1_255' title='bbox 759 2438 804 2474; x_wconf 82' lang='grc'>893.</span> <span class='ocrx_word' id='word_1_256' title='bbox 814 2439 849 2473; x_wconf 90' lang='lat' dir='ltr'>Ad</span> <span class='ocrx_word' id='word_1_257' title='bbox 859 2448 879 2483; x_wconf 91' lang='lat' dir='ltr'>p.</span> <span class='ocrx_word' id='word_1_258' title='bbox 898 2439 937 2473; x_wconf 78' lang='lat'>904</span> <span class='ocrx_word' id='word_1_259' title='bbox 947 2447 996 2474; x_wconf 89' lang='lat' dir='ltr'>cen-</span> 
     </span>
     <span class='ocr_line' id='line_1_31' title="bbox 145 2488 993 2540; baseline 0.004 -12"><span class='ocrx_word' id='word_1_260' title='bbox 145 2494 177 2529; x_wconf 87' lang='lat' dir='ltr'>set</span> <span class='ocrx_word' id='word_1_261' title='bbox 189 2495 309 2531; x_wconf 88' lang='lat' dir='ltr'>doctrinam</span> <span class='ocrx_word' id='word_1_262' title='bbox 320 2496 376 2530; x_wconf 90' lang='lat' dir='ltr'>circa</span> <span class='ocrx_word' id='word_1_263' title='bbox 387 2494 465 2529; x_wconf 89' lang='lat' dir='ltr'>limites</span> <span class='ocrx_word' id='word_1_264' title='bbox 476 2494 590 2538; x_wconf 85' lang='lat' dir='ltr'>potestatis</span> <span class='ocrx_word' id='word_1_265' title='bbox 604 2494 742 2537; x_wconf 85' lang='lat' dir='ltr'>dispensandi</span> <span class='ocrx_word' id='word_1_266' title='bbox 754 2495 780 2530; x_wconf 86' lang='lat' dir='ltr'>R.</span> <span class='ocrx_word' id='word_1_267' title='bbox 793 2494 903 2529; x_wconf 89' lang='lat' dir='ltr'>Pontificis</span> <span class='ocrx_word' id='word_1_268' title='bbox 915 2488 993 2540; x_wconf 83' lang='lat' dir='ltr'>propo-</span> 
     </span>
     <span class='ocr_line' id='line_1_32' title="bbox 144 2550 981 2595; baseline 0 -11"><span class='ocrx_word' id='word_1_269' title='bbox 144 2551 207 2585; x_wconf 80' lang='lat' dir='ltr'>sttam</span> <span class='ocrx_word' id='word_1_270' title='bbox 223 2551 288 2586; x_wconf 85' lang='lat' dir='ltr'>fuisse</span> <span class='ocrx_word' id='word_1_271' title='bbox 304 2552 349 2595; x_wconf 85' lang='lat' dir='ltr'>post</span> <span class='ocrx_word' id='word_1_272' title='bbox 366 2551 484 2586; x_wconf 85' lang='lat' dir='ltr'>doctrinam</span> <span class='ocrx_word' id='word_1_273' title='bbox 501 2551 557 2585; x_wconf 90' lang='lat' dir='ltr'>circa</span> <span class='ocrx_word' id='word_1_274' title='bbox 572 2550 650 2584; x_wconf 89' lang='lat' dir='ltr'>limites</span> <span class='ocrx_word' id='word_1_275' title='bbox 667 2551 781 2594; x_wconf 88' lang='lat' dir='ltr'>potestatis</span> <span class='ocrx_word' id='word_1_276' title='bbox 798 2550 936 2595; x_wconf 81' lang='lat' dir='ltr'>legislativae.</span> <span class='ocrx_word' id='word_1_277' title='bbox 953 2570 981 2577; x_wconf 90' lang='lat'>—-</span> 
     </span>
     <span class='ocr_line' id='line_1_33' title="bbox 145 2605 994 2653; baseline 0.001 -12"><span class='ocrx_word' id='word_1_278' title='bbox 145 2606 168 2643; x_wconf 83' lang='lat' dir='ltr'>P.</span> <span class='ocrx_word' id='word_1_279' title='bbox 186 2608 316 2650; x_wconf 81' lang='lat' dir='ltr'>Hmscmus,</span> <span class='ocrx_word' id='word_1_280' title='bbox 336 2608 380 2642; x_wconf 75' lang='lat' dir='ltr'>Das</span> <span class='ocrx_word' id='word_1_281' title='bbox 399 2606 593 2653; x_wconf 7' lang='lat' dir='ltr'>Kircfrenrecfrtpder</span> <span class='ocrx_word' id='word_1_282' title='bbox 611 2605 736 2641; x_wconf 76' lang='lat' dir='ltr'>Kcrtfrolilren</span> <span class='ocrx_word' id='word_1_283' title='bbox 754 2606 797 2640; x_wconf 84' lang='lat' dir='ltr'>und</span> <span class='ocrx_word' id='word_1_284' title='bbox 813 2607 953 2641; x_wconf 79' lang='lat' dir='ltr'>Prorestamen</span> <span class='ocrx_word' id='word_1_285' title='bbox 972 2608 994 2642; x_wconf 89' lang='lat' dir='ltr'>in</span> 
     </span>
     <span class='ocr_line' id='line_1_34' title="bbox 146 2662 993 2707; baseline 0.001 -11"><span class='ocrx_word' id='word_1_286' title='bbox 146 2663 292 2706; x_wconf 78' lang='lat' dir='ltr'>Dcntsclilnnd,</span> <span class='ocrx_word' id='word_1_287' title='bbox 301 2665 318 2699; x_wconf 91' lang='lat' dir='ltr'>t.</span> <span class='ocrx_word' id='word_1_288' title='bbox 330 2663 370 2705; x_wconf 91' lang='lat' dir='ltr'>III,</span> <span class='ocrx_word' id='word_1_289' title='bbox 391 2671 411 2707; x_wconf 87' lang='lat' dir='ltr'>p.</span> <span class='ocrx_word' id='word_1_290' title='bbox 422 2663 467 2705; x_wconf 80' lang='lat'>745,</span> <span class='ocrx_word' id='word_1_291' title='bbox 478 2663 578 2706; x_wconf 85' lang='lat' dir='ltr'>opinatur</span> <span class='ocrx_word' id='word_1_292' title='bbox 587 2663 662 2697; x_wconf 89' lang='lat' dir='ltr'>contra</span> <span class='ocrx_word' id='word_1_293' title='bbox 672 2662 798 2699; x_wconf 82' lang='lat' dir='ltr'>Gratianum</span> <span class='ocrx_word' id='word_1_294' title='bbox 806 2663 876 2706; x_wconf 89' lang='lat' dir='ltr'>prima</span> <span class='ocrx_word' id='word_1_295' title='bbox 893 2663 940 2698; x_wconf 87' lang='lat' dir='ltr'>vice</span> <span class='ocrx_word' id='word_1_296' title='bbox 949 2671 993 2700; x_wconf 82' lang='lat' dir='ltr'>eas-</span> 
     </span>
     <span class='ocr_line' id='line_1_35' title="bbox 145 2717 994 2763; baseline 0 -11"><span class='ocrx_word' id='word_1_297' title='bbox 145 2719 193 2752; x_wconf 89' lang='lat' dir='ltr'>dem</span> <span class='ocrx_word' id='word_1_298' title='bbox 202 2718 280 2754; x_wconf 84' lang='lat' dir='ltr'>limites</span> <span class='ocrx_word' id='word_1_299' title='bbox 290 2720 408 2763; x_wconf 83' lang='lat' dir='ltr'>assignasse</span> <span class='ocrx_word' id='word_1_300' title='bbox 418 2719 503 2762; x_wconf 88' lang='lat' dir='ltr'>utrique</span> <span class='ocrx_word' id='word_1_301' title='bbox 513 2718 617 2762; x_wconf 85' lang='lat' dir='ltr'>potestati</span> <span class='ocrx_word' id='word_1_302' title='bbox 626 2728 631 2759; x_wconf 88' lang='lat'>;</span> <span class='ocrx_word' id='word_1_303' title='bbox 650 2718 712 2755; x_wconf 83' lang='lat' dir='ltr'>addit</span> <span class='ocrx_word' id='word_1_304' title='bbox 721 2719 795 2753; x_wconf 86' lang='lat' dir='ltr'>tamen</span> <span class='ocrx_word' id='word_1_305' title='bbox 806 2717 923 2753; x_wconf 82' lang='lat' dir='ltr'>difficulter</span> <span class='ocrx_word' id='word_1_306' title='bbox 932 2727 994 2762; x_wconf 86' lang='lat' dir='ltr'>posse</span> 
     </span>
     <span class='ocr_line' id='line_1_36' title="bbox 143 2774 994 2820; baseline 0.001 -13"><span class='ocrx_word' id='word_1_307' title='bbox 143 2775 229 2817; x_wconf 84' lang='lat' dir='ltr'>probari</span> <span class='ocrx_word' id='word_1_308' title='bbox 239 2775 357 2820; x_wconf 85' lang='lat' dir='ltr'>doctrinam</span> <span class='ocrx_word' id='word_1_309' title='bbox 367 2774 574 2810; x_wconf 86' lang='lat' dir='ltr'>circumscribentem</span> <span class='ocrx_word' id='word_1_310' title='bbox 582 2774 714 2817; x_wconf 87' lang='lat' dir='ltr'>potestatem</span> <span class='ocrx_word' id='word_1_311' title='bbox 724 2774 861 2817; x_wconf 88' lang='lat' dir='ltr'>dispensandi</span> <span class='ocrx_word' id='word_1_312' title='bbox 869 2775 939 2809; x_wconf 87' lang='lat' dir='ltr'>ortam</span> <span class='ocrx_word' id='word_1_313' title='bbox 948 2782 994 2809; x_wconf 87' lang='lat' dir='ltr'>esse</span> 
     </span>
     <span class='ocr_line' id='line_1_37' title="bbox 144 2829 992 2875; baseline 0.004 -12"><span class='ocrx_word' id='word_1_314' title='bbox 144 2830 190 2864; x_wconf 84' lang='lat' dir='ltr'>onte</span> <span class='ocrx_word' id='word_1_315' title='bbox 205 2831 324 2867; x_wconf 85' lang='lat' dir='ltr'>doctrmam</span> <span class='ocrx_word' id='word_1_316' title='bbox 340 2832 365 2866; x_wconf 89' lang='lat' dir='ltr'>de</span> <span class='ocrx_word' id='word_1_317' title='bbox 379 2830 483 2865; x_wconf 86' lang='lat' dir='ltr'>limitibus</span> <span class='ocrx_word' id='word_1_318' title='bbox 497 2831 613 2875; x_wconf 84' lang='lat' dir='ltr'>potestatis</span> <span class='ocrx_word' id='word_1_319' title='bbox 627 2829 764 2873; x_wconf 80' lang='lat' dir='ltr'>legislativae.</span> <span class='ocrx_word' id='word_1_320' title='bbox 790 2830 868 2865; x_wconf 85' lang='lat' dir='ltr'>Contra</span> <span class='ocrx_word' id='word_1_321' title='bbox 882 2830 927 2873; x_wconf 89' lang='lat' dir='ltr'>hos,</span> <span class='ocrx_word' id='word_1_322' title='bbox 943 2839 992 2866; x_wconf 90' lang='lat' dir='ltr'>cum</span> 
     </span>
     <span class='ocr_line' id='line_1_38' title="bbox 144 2885 994 2931; baseline 0.001 -11"><span class='ocrx_word' id='word_1_323' title='bbox 144 2886 261 2929; x_wconf 73' lang='lat' dir='ltr'>Srmctan,</span> <span class='ocrx_word' id='word_1_324' title='bbox 275 2896 291 2922; x_wconf 91' lang='lat' dir='ltr'>o.</span> <span class='ocrx_word' id='word_1_325' title='bbox 306 2898 330 2929; x_wconf 86' lang='lat' dir='ltr'>c.,</span> <span class='ocrx_word' id='word_1_326' title='bbox 344 2897 364 2931; x_wconf 89' lang='lat' dir='ltr'>p.</span> <span class='ocrx_word' id='word_1_327' title='bbox 380 2887 426 2928; x_wconf 78' lang='lat'>376,</span> <span class='ocrx_word' id='word_1_328' title='bbox 439 2887 537 2920; x_wconf 89' lang='lat' dir='ltr'>tenemus</span> <span class='ocrx_word' id='word_1_329' title='bbox 550 2886 592 2920; x_wconf 87' lang='lat' dir='ltr'>iam</span> <span class='ocrx_word' id='word_1_330' title='bbox 606 2885 668 2929; x_wconf 86' lang='lat' dir='ltr'>longo</span> <span class='ocrx_word' id='word_1_331' title='bbox 682 2886 778 2929; x_wconf 88' lang='lat' dir='ltr'>tempore</span> <span class='ocrx_word' id='word_1_332' title='bbox 791 2886 842 2920; x_wconf 89' lang='lat' dir='ltr'>ante</span> <span class='ocrx_word' id='word_1_333' title='bbox 868 2886 994 2922; x_wconf 82' lang='lat' dir='ltr'>Gratianum</span> 
     </span>
     <span class='ocr_line' id='line_1_39' title="bbox 143 2942 994 2987; baseline 0.001 -11"><span class='ocrx_word' id='word_1_334' title='bbox 143 2942 256 2986; x_wconf 87' lang='lat' dir='ltr'>scriptores</span> <span class='ocrx_word' id='word_1_335' title='bbox 270 2942 347 2977; x_wconf 85' lang='lat' dir='ltr'>limites</span> <span class='ocrx_word' id='word_1_336' title='bbox 363 2944 389 2977; x_wconf 90' lang='lat' dir='ltr'>de</span> <span class='ocrx_word' id='word_1_337' title='bbox 403 2943 511 2986; x_wconf 84' lang='lat' dir='ltr'>potestate</span> <span class='ocrx_word' id='word_1_338' title='bbox 526 2942 662 2986; x_wconf 87' lang='lat' dir='ltr'>dtspensandi</span> <span class='ocrx_word' id='word_1_339' title='bbox 677 2942 825 2987; x_wconf 80' lang='lat' dir='ltr'>proposutsse3</span> <span class='ocrx_word' id='word_1_340' title='bbox 843 2942 888 2984; x_wconf 85' lang='lat' dir='ltr'>etsi,</span> <span class='ocrx_word' id='word_1_341' title='bbox 904 2944 994 2987; x_wconf 84' lang='lat' dir='ltr'>excepto</span> 
     </span>
     <span class='ocr_line' id='line_1_40' title="bbox 141 2998 994 3047; baseline 0.001 -14"><span class='ocrx_word' id='word_1_342' title='bbox 141 2998 262 3047; x_wconf 75' lang='lat' dir='ltr'>Bernaldo,</span> <span class='ocrx_word' id='word_1_343' title='bbox 272 3000 387 3042; x_wconf 87' lang='lat' dir='ltr'>utramque</span> <span class='ocrx_word' id='word_1_344' title='bbox 401 3000 533 3043; x_wconf 84' lang='lat' dir='ltr'>potestatem</span> <span class='ocrx_word' id='word_1_345' title='bbox 548 3007 591 3032; x_wconf 86' lang='lat' dir='ltr'>non</span> <span class='ocrx_word' id='word_1_346' title='bbox 605 2998 786 3042; x_wconf 82' lang='lat' dir='ltr'>iuxtaposuerint,</span> <span class='ocrx_word' id='word_1_347' title='bbox 796 2999 862 3043; x_wconf 90' lang='lat' dir='ltr'>prout</span> <span class='ocrx_word' id='word_1_348' title='bbox 876 2998 928 3033; x_wconf 87' lang='lat' dir='ltr'>fecit</span> <span class='ocrx_word' id='word_1_349' title='bbox 943 3000 994 3035; x_wconf 89' lang='lat' dir='ltr'>Gra-</span> 
     </span>
     <span class='ocr_line' id='line_1_41' title="bbox 142 3056 221 3092; baseline 0 -1"><span class='ocrx_word' id='word_1_350' title='bbox 142 3056 221 3092; x_wconf 87' lang='lat' dir='ltr'>tianus.</span> 
     </span>
    </p>
   </div>
   <div class='ocr_carea' id='block_1_9' title="bbox 0 0 1096 3277">
    <p class='ocr_par' dir='ltr' id='par_1_13' title="bbox 0 0 1096 3277">
     <span class='ocr_line' id='line_1_42' title="bbox 0 0 1096 3277; baseline 0 4"><span class='ocrx_word' id='word_1_351' title='bbox 0 0 1096 3277; x_wconf 95' lang='lat' dir='ltr'> </span> 
     </span>
    </p>
   </div>
  </div>
 </body>
</html>
