2139 3277
344 166 479 210 dobetbsro
491 167 576 208 inieris
589 167 696 223 rernm
913 153 955 206 147

106 275 195 327 tionem
202 283 336 334 doctrinae,
348 285 492 327 documenta
502 274 627 338 pontificia
637 286 661 328 in
674 285 766 328 duobus
776 282 959 339 prioribus'par-

106 352 171 393 tibus
188 353 283 392 nostrae
294 351 481 404 >disceptationis
499 352 621 404 allegataev
642 352 668 396 ln
686 352 830 396 elaboranda
849 350 959 392 doctrina
972 392 979 396 ,,

108 419 209 472 primum
222 411 300 458 locu-m
310 420 394 459 tenent
405 417 509 459 Rufinus
521 421 545 459 et
556 417 686 470 Huguccio.
702 420 728 462 ln
739 419 861 472 plerisque
873 427 968 463 omnes,

106 483 388 534 Decretistaemanifeste
398 483 427 526 ab
437 483 660 536 invicem‘pendent.
674 496 676 499 ·

136 549 169 591 Ut
185 550 233 592 iarn
252 549 281 591 ad
298 549 452 602 particularia
470 550 647 599 descendamus,
665 552 724 594 hacc
741 554 795 594 sunt
813 549 954 604 praesertim

107 617 220 660 notanda.
609 646 611 649 -
817 622 820 625 ’

135 682 244 725 1110110
263 681 362 730 iuridicu
379 682 460 723 stricto
479 696 492 725 a
511 682 651 725 Deeretistis
670 685 802 727 statuitur:
830 682 957 738 «canonici
1026 696 1028 698 ·

105 750 187 803 rigoris
200 749 301 791 casualis
314 750 437 797 relaxatio,
460 749 525 792 iusta
539 762 610 792 causa
623 749 733 800 faciente,
757 750 785 793 ab
800 763 826 792 eo
842 749 908 791 cuius
920 749 955 790 in-

104 819 177 859 terest
187 831 202 857 1.
212 814 278 858 Haec
287 815 395 857 definitio
406 814 489 857 Rufini
498 816 580 858 statim
589 815 620 857 fit
627 816 691 871 inter
699 818 807 858 doctores
816 815 956 859 communis.

110 883 173 934 Quae
189 882 218 925 ab
235 881 388 935 Huguccione
403 886 427 924 et
445 874 532 925 Ioanne
548 882 677 925 Teutonico
693 883 749 925 huic
764 881 900 925 definitioni
915 881 956 923 ad-

108 951 203 998 duntur,
218 949 359 1002 explicanda
367 952 428 990 sunt
441 961 483 1001 per
496 950 670 1005 controversias
682 951 746 993 inter
758 952 867 992 auctores
889 959 956 989 exor-

104 1019 145 1071 tas
156 1016 218 1058 circa
234 1016 396 1064 accidentalia,
412 1028 453 1069 per
467 1016 586 1059 influxum
601 1016 658 1057 iuris
670 1016 778 1059 Romani
793 1019 818 1058 et
832 1028 873 1068 per
888 1014 954 1057 facta

98 1081 258 1138 particularia
269 1094 329 1136 quae
341 1085 478 1124 evenerunt.

138 1147 279 1190 Recedendo
297 1161 310 1190 a
326 1148 433 1190 doctrina
450 1151 520 1190 antea
535 1151 638 1201 recepta,
655 1146 802 1191 Decretistae
818 1147 955 1190 discernunt

61 1207 66 1211 ’
104 1214 304 1268 dispensationem
316 1228 329 1256 a
339 1208 476 1258 notionibus
488 1203 600 1256 connexis
611 1214 789 1268 :abrogatione
801 1213 956 1267 obrogatione

103 1285 126 1324 et
142 1281 294 1333 derogatione
309 1281 372 1333 legis,
390 1281 544 1323 excusatione
559 1281 639 1329 abea,
656 1275 809 1334 permissione
826 1285 850 1323 et
864 1281 951 1322 tolera-

102 1348 187 1396 rantia‚
200 1361 214 1389 a
225 1347 347 1400 privilegio
359 1347 383 1388 in
395 1356 486 1399 genere,
499 1359 546 1389 non
556 1350 638 1389 tamen
650 1348 797 1401 aprivilegio
810 1351 894 1390 contra
904 1347 947 1388 ius.

106 1415 165 1457 Eam
181 1426 228 1455 non
245 1413 403 1466 distinguunt,
419 1416 510 1458 contra⁷
527 1412 555 1455 ab
565 1412 715 1456 absolutione
726 1414 829 1467 apoenis
845 1414 952 1455 vindica-

102 1481 159 1523 tiuis
174 1482 217 1522 aut
231 1479 418 1528 medicinalibus,
434 1491 477 1521 nec
491 1479 596 1532 perfecte
611 1479 696 1525 saltem
712 1481 740 1523 ab
755 1477 953 1534 interpretatione

101 1547 164 1600 legis.
185 1545 254 1589 Hanc
272 1546 340 1595 enim,
356 1547 375 1587 si
394 1546 563 1598 auctoritative
581 1546 619 1594 iit,
638 1550 727 1589 vocant
745 1547 953 1600 dispensationem,

102 1614 171 1657 modo
184 1625 232 1654 non
244 1615 328 1665 agatur
341 1614 368 1654 de
379 1612 577 1666 interpretatione
589 1613 721 1665 magistrali
732 1613 770 1655 vel
780 1613 886 1655 iudiciali
897 1615 951 1655 tan-

103 1684 162 1721 tum.
180 1679 289 1733 Denique
306 1692 351 1721 non
369 1674 488 1733 quaerunt
504 1681 585 1721 utrum
603 1679 749 1732 dispensatio
767 1673 900 1722 constituat
916 1679 952 1720 ius

103 1746 248 1795 obiectivum
262 1748 304 1787 aut
316 1745 454 1799 simpliciter
466 1745 503 1786 ius
515 1744 676 1787 subiectivum
689 1748 809 1789 concedat.

131 1812 223 1853 Priores
238 1809 482 1864 Decretistae'tamen
498 1811 701 1864 dispensationem
715 1813 835 1855 interdum
851 1812 953 1855 audiunt

101 1892 169 1922 sensu
181 1879 231 1930 lato
245 1878 301 1922 olim
313 1880 436 1931 usurpato,
451 1879 513 1919 unde
526 1878 601 1919 oritur
613 1890 671 1921 vera
684 1878 814 1922 difficultas
838 1877 952 1921 determi-

100 1945 172 1988 nandi
192 1956 287 1987 sensum
307 1945 464 1999 quorumdam
484 1947 603 1986 textuum.

128 2012 149 2054 2.
167 2010 260 2064 Species
277 2010 482 2064 dispensationum
499 2011 562 2065 quod
580 2010 676 2061 attinet,
696 2012 848 2066 distinguunt
865 2011 952 2054 Decre·

99 2079 171 2120 tistae
184 2077 375 2130 dispensationes
394 2079 449 2119 ante
467 2080 490 2118 et
507 2080 561 2129 post
577 2076 687 2126 factum;
704 2078 845 2132 prohibitas,
860 2078 953 2121 debitas

95 2145 134 2186 vel
146 2144 280 2197 permissas,
294 2143 398 2197 aliasque
411 2143 500 2195 species
513 2143 611 2185 minoris
623 2146 747 2189 momenti.
948 2156 949 2159 ’

113 2203 148 2252 3.
169 2209 270 2263 Regulus
292 2208 489 2263 interpretationis
510 2210 615 2252 mutuati
636 2214 692 2253 sunt
713 2225 727 2254 a
754 2212 804 2254 iure
824 2211 950 2255 Romano:

99 2289 152 2320 cum
172 2276 360 2329 dispensationes
379 2276 536 2331 aequiparent
555 2276 768 2321 constitutionibus
787 2277 950 2332 personalibus

100 2344 280 2396 Imperatorum,
301 2338 393 2388 docentv
404 2343 456 2385 illas
475 2356 524 2385 esse
542 2338 734 2396 interpretandas
752 2346 881 2388 secundum
900 2356 951 2389 sen-

98 2421 149 2452 sum
162 2409 284 2465 proprium
296 2408 430 2457 verborum,
446 2420 567 2462 nunquam
581 2410 711 2459 extensive,
725 2423 815 2464 semper
828 2411 917 2452 stricte.

129 2474 149 2517 l.
169 2474 268 2516 Consum
279 2475 366 2529 requiri
377 2476 408 2518 ad
419 2475 510 2517 licitam
522 2475 696 2520 concessionem
708 2489 787 2520 omnes
798 2477 933 2520 admittunt
944 2491 949 2519 :

98 2543 197 2594 exigunt
208 2552 304 2583 causam
314 2542 402 2583 iustam
414 2544 438 2582 et
449 2540 623 2589 rationabilem,
636 2554 683 2585 nen
694 2543 741 2586 iam
752 2543 901 2586 necessitatis
911 2544 959 2595 vei

97 2608 211 2650 utilitatis
230 2608 368 2649 communis.
388 2607 454 2649 Haec
473 2607 611 2660 disciplinae
630 2609 743 2662 antiquae
760 2609 880 2662 mitigatio
898 2610 950 2652 ideo
1014 2630 1016 2635 v

96 2675 176 2729 potuit
188 2673 351 2728 admittiquia
361 2674 413 2727 ipsa
424 2673 490 2716 notio
497 2674 685 2728 ‘dispensationis
694 2674 740 2716 fuit
749 2678 871 2720 coarctata
880 2678 952 2720 adre-

97 2741 243 2785 laxationem
257 2740 314 2792 legis
327 2740 350 2783 in
365 2752 420 2783 casu
435 2740 595 2792 particularis,
612 2740 707 2784 exclusa
721 2743 823 2794 generali
837 2743 886 2785 eius
900 2755 951 2787 mu-

97 2808 196 2850 tatione.
405 2847 407 2850 Α

127 2871 204 2917 Minus
217 2872 313 2915 solliciti
325 2877 379 2917 sunt
391 2871 540 2916 Decretistae
552 2872 580 2917 de
591 2874 731 2929 quaestione
742 2887 814 2931 quam
826 2875 950 2921 S.Bernar-

102 2940 147 2992 dus
160 2940 280 2982 solverat:
294 2941 399 2984 validam
413 2951 498 2994 nempe
511 2942 551 2984 sed
564 2941 674 2985 illicitam
688 2956 737 2985 esse
751 2943 950 2997 dispensationem
