2139 3277
411 229 487 264 runnu
498 219 647 258 succurretis
896 215 967 252 xxvii
990 254 993 256 .

173 332 254 376 CAPUT
265 333 311 377 III.
327 334 443 378 Doctrina
454 336 480 377 de
492 349 561 378 causa
572 334 776 389 dispensationum
806 363 810 372 -
844 361 848 371 ·
882 361 887 371 ·
918 325 962 369 187

146 426 149 428 -
169 405 299 449 Conspectus
320 405 429 449 generalis.
452 404 605 440 Decretalistae
636 415 679 440 non
708 405 752 439 iam
783 400 896 446 inquirunt

222 462 294 496 utrum
304 462 425 505 requiratur
435 470 498 499 causa
507 462 639 499 necessitatis
649 460 682 496 vel
692 459 793 505 utilitatis
803 467 897 493 commu-

183 508 184 511 *
222 518 260 558 nis,
272 518 310 551 sed
319 518 387 561 magis
397 518 465 561 ipsam
477 527 562 555 causan]
572 519 698 561 requisitam
710 514 861 557 determinant.

235 587 277 640 §L
290 589 325 630 De
345 602 416 632 causa
434 591 497 633 iusta
515 590 629 645 requisita
696 618 889 631 ......
923 583 965 626 188

303 659 321 695 1.
338 660 406 696 Causa
425 660 540 704 requiritur
558 661 622 701 iusta,
643 667 726 705 magna,
741 660 763 693 et
783 658 845 693 certa.
870 674 898 681 »-

305 716 322 751 2.
340 715 469 759 Intelligitur
480 715 620 757 rationabilis,
633 716 673 750 etsi
683 715 733 750 inde
745 712 898 759 Decretalistae

303 773 384 807 vocent
405 772 585 817 dispensationem
607 772 708 807 debitam.
744 788 758 795 -
777 770 795 804 3.
817 769 897 803 Distin-

303 830 373 872 guunt
387 838 461 866 causas
475 828 550 866 finales
565 829 587 862 et
600 827 733 872 impulsivas.

236 900 278 953 §a
290 901 325 942 De
336 901 431 945 influxu
444 915 526 944 causae
538 901 562 945 in
576 901 781 954 dispensationem
809 932 813 940 .
846 929 850 938 .
884 928 888 938 .
922 894 964 937 iao

304 971 322 1007 1.
339 972 475 1016 Dispensatio
487 982 586 1007 concessa
595 972 617 1007 in
626 971 673 1015 lege
683 965 796 1018 superioris
807 969 833 1003 ab
844 967 898 1012 epis-

221 1050 224 1052 -
291 1037 357 1074 copo
372 1029 416 1063 sine
429 1038 493 1066 causa
506 1030 537 1063 est
549 1028 624 1065 illicita
637 1029 659 1062 et
671 1026 774 1062 invalida.
788 1043 814 1049 —-
827 1026 845 1059 2.
859 1023 907 1058 Dis=

303 1085 400 1127 pensatio
416 1084 442 1121 R.
453 1085 564 1120 Porrtilicis
580 1085 603 1120 in
613 1084 726 1127 legemere
746 1082 840 1127 positiva
853 1080 898 1115 sine

305 1149 369 1177 causa
385 1128 483 1178 concessa
498 1143 530 1176 est
544 1140 624 1182 valida,
639 1139 736 1175 invalida
753 1139 827 1175 contra
842 1145 898 1180 quae

303 1196 325 1231 in
339 1197 398 1239 voto,
412 1197 434 1231 in
447 1199 561 1241 praecepto
576 1196 689 1241 Evangelii
703 1197 725 1230 et
739 1196 821 1232 statuto
835 1188 897 1236 gene-

303 1250 342 1288 rali
360 1251 473 1291 Ecclesiae.
493 1272 520 1279 -
536 1254 555 1289 3.
571 1242 644 1288 'Causa
661 1251 778 1296 requiritur
796 1251 823 1284 ad
840 1247 897 1283 licei·
959 1297 960 1300 ¹
1007 1256 1009 1259 ·

302 1309 372 1343 tatem
390 1309 455 1346 etiarn
473 1310 530 1354 apud
546 1311 572 1344 R.
592 1308 727 1343 Pontificem.

183 1385 185 1388 ·
236 1367 279 1420 §3.
291 1370 325 1411 De
341 1384 426 1413 causae
441 1371 536 1425 praevia
552 1370 686 1423 cognitione
731 1398 886 1410 .....
919 1364 962 1405 193

245 1431 247 1434 ”
305 1440 322 1475 1.
338 1441 429 1477 Praevia
448 1450 533 1476 causae„
541 1442 633 1485 cognitio
653 1450 665 1475 a
683 1439 812 1484 quibusdam
829 1437 898 1480 requi-

304 1496 359 1531 ritur
371 1497 398 1531 ad
410 1497 553 1533 validitatem.
566 1515 593 1521 -
604 1498 622 1532 2.
636 1497 699 1539 Quod
709 1496 804 1540 probant
816 1503 841 1528 ex
852 1495 898 1528 iure

306 1550 416 1589 Romano.
424 1570 451 1579 —
460 1553 478 1589 3.
492 1555 539 1589 Non
549 1555 623 1588 tamen
634 1554 688 1588 haee
698 1551 790 1596 cognitio
802 1551 860 1595 apud
869 1548 898 1582 le-

303 1608 426 1652 gislatorem
439 1610 598 1654 dispensantem
609 1609 732 1653 requiritur.
881 1603 884 1606 '

190 1714 192 1717 .
236 1677 278 1730 §.AL
291 1679 325 1722 De
338 1694 383 1724 usu
396 1681 576 1734 dispensationis
588 1683 637 1724 sine
650 1694 722 1724 causa
734 1691 855 1723 concessae
886 1708 893 1720 .
925 1673 970 1716 iol

305 1749 322 1785 1.
339 1751 443 1794 Subditus
458 1752 516 1786 licite
531 1752 600 1787 utitur
617 1751 776 1795 dispensatione
792 1750 835 1784 sine
851 1757 900 1784 eau-

305 1815 327 1840 sa
348 1811 461 1843 concessass·
477 1826 504 1832 —-
528 1808 547 1845 2.
561 1805 722 1853 Applicationes
735 1806 839 1850 quasdam
852 1813 900 1839 cum

304 1863 407 1907 principio
432 1873 507 1908 parurn
531 1865 669 1901 cohaerentes
691 1864 780 1908 quidam
803 1861 903 1897 Decreta-

304 1918 368 1956 listae
381 1920 477 1957 tradunt.

228 954 231 966 l

174 2000 255 2062 Gerar
267 2000 307 2042 iv.
323 2001 359 2044 De
376 2002 467 2046 obiecto
486 2004 689 2057 dispensationum

168 2084 170 2088 ⁷
236 2066 278 2118 §L
296 2066 332 2125 De
349 2068 522 2122 dispensatione
538 2070 563 2114 in
580 2072 672 2112 statuto
689 2068 791 2122 generali
815 2066 893 2108 Eccle-

174 2138 189 2145 ”
257 2171 259 2175 ,
308 2132 356 2176 siae
373 2137 396 2175 et
412 2137 514 2188 quatuor
530 2136 634 2188 priorum
652 2133 803 2177 conciliorum
850 2166 854 2175 .
887 2163 892 2175 .
927 2132 968 2175 195

308 2203 325 2239 i.
344 2204 393 2238 Iura
405 2203 528 2249 simpliciter
538 2206 633 2251 positiva
645 2205 696 2241 sunt
708 2203 865 2248 dispensabilia.
877 2221 904 2229 »-

306 2259 324 2294 2.
341 2261 394 2294 Post
409 2261 570 2304 controversias,
587 2261 710 2306 agnoscitur
731 2261 827 2305 potestas
852 2260 899 2295 ΒΗ.

306 2316 438 2352 Pontificum
461 2318 598 2362 dispensandi
617 2319 640 2352 in
662 2318 749 2353 statutis
771 2314 903 2360 generalibus

306 2372 421 2415 Ecclesiae.
432 2391 459 2398 *-
469 2374 487 2409 3.
500 2374 553 2410 etin
565 2374 658 2420 decretis
667 2373 803 2409 conciliorum
814 2373 903 2419 quaeli-

307 2428 355 2462 dem
371 2438 415 2464 non
432 2431 536 2474 spectant.

236 2510 279 2562 §2
291 2510 435 2564 Conspectus
454 2512 566 2565 generalis
587 2513 615 2555 de
636 2511 851 2566 dispensationibus
868 2511 893 2555 in

351 2577 401 2620 iure
411 2579 512 2622 naturali
548 2609 893 2621 ..........
896 2599 898 2601 >
926 2577 969 2621 198
1014 2616 1015 2620 ,

307 2647 323 2682 1.
341 2647 423 2683 Priores
437 2641 591 2697 Decretalistae
605 2647 702 2686 absolute
716 2649 795 2693 negant
807 2648 903 2693 potesta-

306 2703 351 2737 tem
360 2704 386 2739 R.
397 2704 515 2747 Pontinus,
531 2706 660 2750 posteriores
669 2706 804 2749 exceptiones
813 2704 892 2740 admit-

306 2760 357 2794 tunt
377 2760 403 2795 oh
424 2760 507 2804 praxim
528 2762 576 2797 ΗΒ,
598 2761 730 2810 Pontificum
752 2762 773 2795 et
792 2760 899 2797 inflexum

305 2814 460 2860 theologorum.
468 2835 496 2842 —-
502 2818 520 2853 2.
529 2817 604 2853 Praxis
611 2818 659 2854 ΒΗ.
668 2816 798 2852 Pontificum
807 2827 850 2853 non
858 2818 903 2852 sine

307 2872 476 2908 contradictione
486 2875 611 2909 admittitur
621 2875 643 2908 et
654 2873 779 2918 explicatur.
790 2891 818 2898 -
827 2873 846 2909 3.
858 2874 901 2909 Du-

307 2926 357 2972 plex
372 2929 496 2967 admittitur
512 2930 608 2966 delinitio
623 2930 675 2965 iuris
690 2929 802 2976 naturalis,
819 2929 860 2975 alia
874 2930 907 2968 ier

307 2983 389 3039 gietioa
406 2983 447 3023 alia
462 2985 629 3034 canonistarum.
