2139 3277
359 163 452 195 vnaius
464 157 786 202 senorusmsruusarrouuu
933 148 976 191 107

154 271 174 315 3.
192 272 240 315 Ubi
251 272 362 323 Rufinus,
376 275 465 327 etpost
477 285 530 324 eum
543 273 640 319 Ioannes
654 269 799 315 Faventinus
812 273 835 313 et
847 269 971 323 Huguecio

125 337 222 384 dicunt:
236 338 441 394 «dispensationes
454 353 483 381 ex
496 342 549 393 post
561 338 654 382 facilius
667 345 734 392 posse
748 337 856 382 concedi»
864 336 969 380 referunt

125 404 256 453 doctrinam
271 405 318 452 iam
333 420 346 449 a
362 404 460 448 saeculis
476 404 555 447 aRR.
571 399 728 448 Pontificibus
744 417 876 459 expressam
900 406 924 445 ct
938 404 968 446 ad

125 470 217 524 praxim
233 473 358 516 deductam
370 470 409 525 (1).
427 471 541 514 Eamdem
555 470 696 514 divisionem
711 471 783 514 etiam
797 484 905 525 expresse
920 482 969 514 me*

106 574 108 576 ,
126 541 202 581 murat
218 539 314 581 Summa
330 537 525 592 Coloniensis(2).
549 538 608 581 Eam
630 537 743 580 indirecte
765 537 899 591 exprimunt
914 540 967 580 tum

127 603 222 649 Summa
230 603 383 652 Monacensis,
392 606 445 646 tum
454 605 513 647 duae
522 603 579 646 aliae
589 617 648 658 quae
656 603 685 646 ab
694 603 734 645 illa
742 605 851 657 pendent,
862 605 972 649 Summae

126 680 208 724 nempe
223 670 312 713 Sicardi
325 673 349 712 et
363 669 456 714 Ioannis
470 670 577 724 Hispani,
592 672 687 724 agentes
700 670 728 711 de
741 669 864 712 effectibus
878 669 973 723 dispcn*

100 763 102 765 ·
127 736 253 795 sationum.
265 736 308 779 Per
319 736 519 794 dispensationem
530 736 597 786 enim,
609 739 636 779 ut
647 735 722 785 aiunt,
734 752 742 774 r
753 737 892 791 quandoque
903 749 971 778 usur-

127 806 210 857 patum
222 803 364 853 conceditur,
376 805 517 858 quandoque
527 803 654 846 inhibitum
665 803 807 852 confertur»,
818 802 918 857 ideoque
929 816 972 857 ope

127 869 182 924 legis
191 870 343 915 relaxationis
353 869 464 924 obligatio
474 869 529 924 legis
539 869 663 913 casualiter
673 869 785 918 aufertur,
796 872 819 911 et
829 870 893 924 quod
902 872 974 913 antea

127 940 177 979 erat
189 937 334 991 prohibitum
346 949 407 982 nunc
420 936 483 979 licite
496 936 597 993 ponitur,
610 937 648 979 vel
660 937 739 990 quoad
761 936 784 977 id
797 937 859 991 quod
871 936 976 979 invalide

127 1003 173 1045 fuit
181 1003 336 1057 positum,seu
344 1020 352 1042 r
362 1006 502 1057 usurpatum
512 1019 521 1041 r>
530 1017 558 1045 cx
566 1003 666 1056 benigna
677 1002 793 1045 Ecclesiae
801 1002 976 1047 interventione

128 1068 228 1111 effectus
239 1068 295 1123 legis
305 1069 407 1112 violatae
418 1071 473 1122 post
483 1069 573 1112 factum
586 1069 692 1112 aufertur
703 1067 743 1122 (3).

190 1279 229 1331 §Z
239 1301 269 1307 —
278 1276 312 1319 De
319 1276 528 1333 dispensationibus
537 1277 660 1332 permissis,
670 1276 791 1332 prohibitis
802 1279 822 1319 et
833 1278 913 1321 debitis

159 1443 290 1487 Secundam
303 1441 480 1487 distinctionem
492 1442 570 1496 magni
582 1443 703 1492 momenti,
717 1443 783 1485 cuius
793 1443 841 1486 iam
852 1443 978 1498 vestigium

130 1508 262 1553 invenimus
274 1510 337 1563 apud
348 1509 483 1552 Ansclmum
494 1509 621 1553 Lucensem
633 1508 673 1562 (4),
686 1512 709 1551 et
719 1509 905 1553 vindicationem
916 1511 980 1564 apud

131 1576 228 1619 lvonem
247 1575 416 1618 Carnutensem
435 1579 459 1617 et
475 1576 617 1620 Bernaldum
636 1575 778 1620 Monachum
790 1576 830 1630 (5),
850 1577 978 1619 adumbrat

130 1641 241 1691 Rufinus,
256 1641 395 1685 divisionem
408 1654 491 1695 nempe
506 1641 708 1697 dispensationum
721 1643 745 1685 in
759 1644 887 1697 permissos,
901 1643 979 1696 probi-

131 1707 188 1749 bitcs
210 1709 231 1749 et
251 1707 387 1762 debitnsffi).
408 1707 554 1751 Decretistae
573 1708 714 1764 posteriores
733 1709 797 1753 illam
817 1710 936 1765 explicant
955 1713 980 1766 et
1023 1702 1024 1705 ¹

130 1785 192 1819 nova
206 1774 298 1819 ratione
312 1774 377 1820 illam
391 1773 500 1818 fulciunt.
967 1796 972 1799 -

158 1970 187 2015 (1)
203 1971 233 2007 Cf.
245 1978 315 2021 supra,
324 1979 346 2015 p,
357 1970 382 2005 67
392 1980 396 2012 ;
408 1972 429 2005 et
440 1959 557 2013 semensa,
569 1971 581 2006 l.
593 1982 616 2014 c.,
626 1979 647 2015 p.
660 1971 705 2007 192.

159 2027 188 2071 (2)
204 2028 254 2063 Cod.
266 2036 304 2063 ms.
316 2028 351 2063 eit.
362 2026 397 2063 fol.
408 2027 434 2061 33
445 2037 449 2060 :
460 2040 467 2058 u
477 2028 512 2062 Fit
520 2029 594 2069 ,autem
605 2028 735 2072 dispensatio
746 2029 767 2063 in
777 2019 842 2064 factis
850 2030 983 2074 frequenter,

132 2085 208 2128 utpote
215 2093 242 2120 ne
250 2083 307 2118 filius
316 2084 430 2120 sacerdotis
440 2085 536 2123 sacerdos
544 2084 614 2119 factus
623 2085 742 2129 deponatur
753 2086 832 2126 ,rarius
840 2088 860 2123 in
869 2088 982 2130 faciendis

132 2141 186 2184 puta
195 2142 220 2175 ut
229 2142 388 2190 promoveatur,
399 2141 450 2184 quia
459 2142 480 2176 in
490 2141 535 2176 loco
545 2141 636 2185 regulae,
646 2143 774 2180 necessitate
783 2142 817 2178 vel
826 2145 922 2179 utilitate
933 2145 980 2179 sub-

131 2197 237 2239 veniente,
249 2198 320 2241 preter
332 2198 365 2232 ius
377 2196 460 2233 facilius
472 2197 531 2235 facta
542 2198 665 2240 toleramus
678 2208 743 2243 quam
755 2198 808 2236 talia
820 2199 919 2236 iacienda
932 2210 981 2237 con·

131 2253 238 2290 cedamus.
252 2254 317 2288 Fiunt
329 2253 444 2297 aliquando
459 2254 514 2292 circa
527 2256 691 2298 promotionem,
704 2255 835 2299 frequentius
849 2259 905 2293 circa
919 2257 982 2301 depo-

132 2309 237 2352 sitionem,
250 2309 421 2354 frequentissime
435 2309 490 2347 cirea
512 2310 727 2353 animadversionem,
741 2312 790 2356 quia
802 2322 856 2358 pene
868 2313 982 2351 molliende

132 2366 182 2401 sunt
192 2377 235 2403 non
247 2366 392 2410 exasperande
401 2379 415 2402 v,

160 2421 191 2467 (3)
206 2422 238 2459 Cf.
250 2422 312 2465 infra,
323 2432 345 2468 p.
358 2421 405 2458 121.

160 2477 190 2523 (4)
206 2479 237 2515 Cf.
248 2487 318 2523 supra,
327 2489 348 2524 p.
360 2478 393 2514 45.

160 2534 190 2579 (5)
206 2535 236 2571 Cf.
252 2526 322 2579 supra,
335 2545 356 2579 p.
371 2533 403 2569 le.

146 2609 149 2614 ›
161 2591 190 2635 (6)
206 2592 270 2626 Errat
282 2591 393 2626 Srrnousu
406 2599 454 2625 cum
466 2590 563 2626 affirmat
572 2588 597 2626 i«
608 2593 631 2627 In
644 2592 702 2636 jeder
715 2593 802 2630 Summa
814 2595 884 2632 haben
898 2595 936 2631 wir
949 2595 983 2630 die

133 2647 231 2691 tvichtige
245 2647 368 2691 Einteilung
383 2647 419 2681 der
434 2647 551 2690 Dispensen
566 2648 586 2683 in
601 2649 743 2693 geschuldete,
758 2646 873 2687 verbotene
888 2652 935 2687 und
950 2659 980 2685 er-

133 2703 207 2738 laubte
215 2718 230 2740 »,
239 2705 295 2741 Nam
304 2712 342 2739 nec
351 2703 491 2747 Pauoapalea,
500 2711 539 2738 nec
547 2693 663 2746 Rolandus,
672 2714 710 2741 nec
719 2706 846 2750 Stephanus
856 2717 895 2744 nec
904 2708 984 2750 Simon,

133 2768 173 2795 nee
182 2760 270 2796 Summa
281 2759 416 2800 coloniensis,
426 2760 482 2796 hane
492 2750 677 2799 memorantfdmo
690 2762 711 2795 et
721 2761 813 2797 Rufinus
823 2763 878 2801 hanc
888 2766 985 2800 nondum

134 2816 233 2860 explicite
247 2817 350 2853 vindicat.
367 2815 429 2851 Hanc
444 2815 602 2853 distinctionem
611 2818 698 2864 primus
713 2818 766 2853 facit
781 2819 886 2864 sicardus,
894 2823 945 2865 post
961 2820 984 2855 il-

132 2871 177 2914 lurn
197 2874 285 2915 Summa
305 2871 424 2924 Lipsiensis,
445 2871 562 2921 Huguecio,
582 2874 604 2911 et
623 2874 699 2915 deinde
719 2875 859 2919 communiter
878 2866 980 2915 traditur.
