2139 3277
260 212 294 244 ue
307 200 537 244 ursanusarroumus
551 213 616 244 ANTE
630 212 728 244 eaerum
741 211 790 243 ven
804 210 838 242 ux
851 209 911 246 Posr
951 193 982 243 27

120 333 158 372 tas
171 329 325 388 dispensandi>
333 341 375 383 pro
388 328 469 371 futuro
483 342 497 371 3
511 323 600 371 Gelasio
615 328 645 382 (a.
659 328 713 382 494)
738 340 849 371 concessa
859 299 978 381 episcopis

42 405 46 408 ’
122 395 204 439 1131133
211 395 377 452 Meridionalis.
386 394 438 437 Hac
445 395 508 437 enim
514 394 628 437 facultate
635 395 671 437 ias
679 398 729 438 erat
736 395 801 448 ipsis,
811 393 841 436 ob
849 394 974 447 penuriam

121 463 269 505 sacerdotum
281 465 305 504 et
317 461 431 514 quamdiu
442 460 500 502 haec
512 461 638 509 duraverit,
666 472 718 503 cum
730 461 868 503 ordinandis
882 460 978 513 dispen-

49 576 51 579 4
99 564 101 566 ,
120 541 171 571 sare
187 529 212 570 in
229 526 365 570 intersticiis
377 526 417 580 (1).
437 525 548 569 Similiter
565 527 632 579 plura
650 527 748 569 concilia
765 526 922 580 provincialia
942 526 980 569 13-

120 595 186 638 ciunt
202 593 316 648 episcopis
332 592 471 635 facultatem
489 594 638 645 dispensandi
655 596 709 636 ante
726 593 900 635 ordinationem
918 604 972 635 cum

119 659 213 713 bigamo
226 658 274 713 (2);
290 658 397 711 Pelagius
410 657 420 698 I
436 670 529 713 quoque
544 657 575 711 (a.
590 657 643 711 559)
659 658 766 700 concedit
778 657 871 711 bigamo
883 658 977 711 dispen-

119 727 236 769 sationem
245 728 273 766 ut
283 724 385 767 ordinari
394 725 469 777 possit
480 725 509 767 ad
519 724 671 779 diaconatum
683 722 723 777 (3).
735 723 836 766 Celebris
857 725 893 765 est
904 724 976 766 etiam

91 799 94 800 ’
120 792 263 846 dispensatio
281 792 311 834 ad
326 790 461 832 iaciendum
477 802 586 833 concessa
602 804 615 832 a
631 790 660 831 R.
678 789 794 832 Pontifice
811 789 977 844 episcopoMe-

120 858 188 907 tensi,
204 857 346 912 Angstramo,
363 860 387 898 et
403 856 539 906 Coloniensi,
556 856 705 905 Hildehaldo,
720 857 746 898 in
762 857 811 909 lege
826 856 975 904 residentiae,

121 938 142 968 a.
157 923 253 978 794(4).
315 918 318 920 ’

152 990 249 1043 Insuper
257 989 324 1034 varia
333 999 418 1043 genera
428 990 637 1043 dispensationum,
661 1002 721 1043 quae
732 1002 761 1031 ex
770 991 857 1033 natura
867 1000 910 1031 sua
920 991 977 1031 sunt

120 1058 151 1100 ad
161 1055 302 1108 iaciendum,
314 1067 355 1109 per
366 1056 445 1099 omnia
455 1056 496 1099 illa
508 1056 601 1098 saecula
612 1056 635 1099 in
647 1068 692 1098 usu
704 1058 778 1098 erant.
789 1055 850 1096 Sunt
859 1054 976 1107 imprimis

120 1122 307 1175 dispensationes
320 1122 344 1164 in
359 1122 409 1174 lege
423 1121 584 1165 abstinentiae
599 1125 623 1164 et
636 1120 772 1175 1311131115),
787 1122 873 1163 deinde
887 1120 912 1163 in
926 1121 977 1175 lege

119 1186 304 1241 residentiaeffi)
325 1190 349 1230 et
369 1188 441 1230 etiam
461 1188 552 1232 vetitae
572 1188 736 1231 translationis
758 1186 941 1240 episcoporum(
957 1187 975 1239 ).

150 1254 171 1296 3.
180 1253 254 1296 Aliudv
269 1257 434 1307 argumentum
452 1255 595 1297 desumimus
606 1265 631 1294 ex
646 1253 744 1296 textibus
754 1253 895 1306 scriptorum
905 1254 976 1296 eccle-

119 1320 267 1363 siasticorum
285 1323 308 1362 et
325 1319 378 1361 RR.
397 1320 543 1363 Pontificum
561 1332 602 1373 per
619 1321 660 1363 1113
678 1319 771 1363 saecula
788 1320 974 1373 viventiumqui
999 1320 1001 1323 ’

120 1389 203 1428 textus
218 1389 273 1429 sunt
286 1388 375 1429 tenoris
389 1388 483 1430 omnino
499 1387 620 1441 generalis,
636 1400 678 1431 nec
692 1386 742 1429 ulla
756 1387 848 1429 ratione
862 1387 974 1440 restringi

119 1452 201 1497 valent
210 1453 240 1497 ad
249 1452 435 1505 dispensationes
443 1465 474 1496 ex
481 1455 542 1506 post.

152 1518 189 1561 Ita
198 1530 221 1560 v.
233 1528 253 1572 g.
265 1530 369 1572 quonam
379 1520 428 1561 iure
439 1520 469 1563 ad
481 1519 668 1572 dispensationes
682 1522 736 1572 post
752 1518 843 1562 factum
854 1532 974 1562 concessas

120 1585 311 1638 restringeremus
319 1587 414 1627 textum
424 1585 445 1627 S.
457 1585 543 1638 Cyrilli‚
555 1586 595 1638 qui
605 1586 662 1627 dicit
673 1600 677 1626 :
700 1601 708 1623 e
718 1586 777 1628 nulli
786 1586 921 1639 sapientum
930 1587 976 1628 dis-

119 1651 227 1704 plicuisse
240 1650 444 1703 dispensationem,
458 1650 499 1693 uhi
510 1652 635 1693 necessitas
645 1652 684 1693 vel
693 1652 785 1694 utilitas
798 1651 914 1694 Ecclesiae
923 1664 975 1694 eam

118 1716 285 1776 iustificaret».
311 1711 422 1759 Similiter
447 1717 468 1758 S.
484 1717 632 1770 Augustinus
656 1718 785 1761 universim
811 1719 884 1759 dicit:
910 1718 974 1760 «De-

118 1782 261 1826 trahendum
278 1785 314 1824 est
331 1782 421 1836 aliquid
438 1784 567 1832 seueritati,
586 1786 614 1825 ut
631 1783 759 1826 maioribus
777 1784 845 1826 malis
862 1785 974 1828 sanandis

72 1851 73 1854 ’
120 1850 206 1893 caritas
229 1849 317 1904 sincera
340 1849 474 1893 subveniat.
501 1850 580 1893 Iamne
602 1850 746 1904 intelligunt,
771 1851 973 1903 quemadmodum

119 1916 184 1958 nulla
204 1915 365 1958 inconstantia
385 1916 550 1969 praecipientis
571 1917 611 1958 sed
631 1918 722 1973 ratione
744 1916 909 1969 dispensantis,
931 1929 972 1969 pro

119 1985 253 2035 temporum
267 1981 412 2030 diversitate,
428 1985 553 2034 praecepta
580 1982 617 2023 vel
631 1983 745 2035 permissa
758 1983 797 2024 vel
811 1982 907 2026 consilia
922 1995 973 2025 mu-

42 2085 44 2087 ,
118 2050 200 2090 tentur
210 2062 218 2085 u
230 2046 267 2100 (8).
280 2047 312 2089 Et
323 2047 422 2090 Ioannes
434 2047 493 2088 VIII
504 2061 509 2087 :
520 2063 529 2085 r<
540 2048 568 2089 Si‘
574 2048 709 2091 huiusmodi
720 2049 854 2091 sanctiones
864 2049 914 2092 sine
924 2050 973 2092 ulla

120 2114 259 2156 discretione
270 2114 308 2155 uel
319 2112 495 2166 dispensatione
506 2114 613 2157 ducimus
625 2113 793 2163 observandas,
807 2114 896 2157 nullam
908 2127 972 2157 eom-

119 2181 253 2235 passionem
262 2178 376 2223 iratribus
387 2179 542 2222 exhibemus»
554 2179 593 2234 (9).
798 2232 800 2236 7

150 2246 172 2289 4.
186 2246 358 2300 Argumentum
373 2245 507 2287 indirectum
520 2258 614 2301 quoqne
629 2247 707 2291 afferri
718 2250 799 2301 potest
820 2248 971 2290 huiusmodi:

194 2441 223 2478 cr.
234 2450 251 2477 e.
264 2440 439 2483 33131331.γ
492 2420 499 2427 “
860 2464 861 2467 ,

194 2497 254 2534 Cone.
267 2497 390 2532 Toletanum
401 2497 419 2540 I,
431 2507 477 2533 can.
489 2498 539 2533 3.-
550 2498 609 2534 Cone.
622 2500 748 2536 Brucorense
758 2500 788 2542 II,
801 2510 820 2536 a
832 2500 877 2543 572,
889 2502 971 2538 canes.

193 2553 251 2589 Mon.
267 2553 338 2589 Genu.
353 2553 415 2590 Hrsr.
432 2553 566 2598 Cupitulariu
578 2565 648 2599 rapum
661 2556 796 2599 Francorum,
810 2557 826 2592 t.
843 2556 858 2600 Ι,
873 2566 920 2603 cap.
934 2558 971 2593 LV

181 2637 224 2702 ¹Cf.
239 2665 356 2707 81133333,
371 2675 389 2701 ο.
403 2675 427 2708 3.,
441 2675 463 2711 p.
478 2664 510 2702 49.

192 2834 232 2878 Ep.
244 2832 265 2867 ΙΙ
275 2832 301 2868 ad
311 2833 381 2876 Bonis.
392 2833 418 2869 31.
429 2833 594 2881 Tnonnssmus,
605 2847 622 2873 o.
633 2848 656 2880 3.,
669 2838 681 2874 l.
691 2847 715 2880 3.,
725 2847 746 2873 n.
758 2838 789 2878 13,

193 2890 233 2935 Ep.
243 2888 275 2932 35,
286 2889 326 2932 PL,
336 2890 353 2925 t.
363 2888 396 2932 38,
409 2888 448 2925 col.
459 2889 504 2927 689.

156 2943 176 2989 9)
194 2943 223 2983 Cl.
235 2942 351 2989 51133333,
361 2953 379 2982 o.
389 2954 414 2993 c„
422 2952 444 2993 pi
454 2943 522 2984 45-47.
