<?xml version="1.0" encoding="UTF-8"?>
<!DOCTYPE html PUBLIC "-//W3C//DTD XHTML 1.0 Transitional//EN"
    "http://www.w3.org/TR/xhtml1/DTD/xhtml1-transitional.dtd">
<html xmlns="http://www.w3.org/1999/xhtml" xml:lang="en" lang="en">
 <head>
  <title>
</title>
<meta http-equiv="Content-Type" content="text/html;charset=utf-8" />
  <meta name='ocr-system' content='tesseract 3.04.00' />
  <meta name='ocr-capabilities' content='ocr_page ocr_carea ocr_par ocr_line ocrx_word'/>
</head>
<body>
  <div class='ocr_page' id='page_1' title='image "MN42048ucmf_3_0090.png"; bbox 0 0 2182 3277; ppageno 0'>
   <div class='ocr_carea' id='block_1_1' title="bbox 121 222 891 279">
    <p class='ocr_par' dir='ltr' id='par_1_1' title="bbox 121 222 891 279">
     <span class='ocr_line' id='line_1_1' title="bbox 121 222 891 279; baseline 0 -15"><span class='ocrx_word' id='word_1_1' title='bbox 121 222 150 265; x_wconf 84' lang='lat' dir='ltr'>m</span> <span class='ocrx_word' id='word_1_2' title='bbox 260 232 294 261; x_wconf 79' lang='lat' dir='ltr'>nn</span> <span class='ocrx_word' id='word_1_3' title='bbox 303 229 536 262; x_wconf 76' lang='lat' dir='ltr'>orsennsnrrourssus</span> <span class='ocrx_word' id='word_1_4' title='bbox 546 230 624 267; x_wconf 74' lang='lat' dir='ltr'>uscue</span> <span class='ocrx_word' id='word_1_5' title='bbox 635 230 670 279; x_wconf 77' lang='lat' dir='ltr'>Au</span> <span class='ocrx_word' id='word_1_6' title='bbox 680 230 809 263; x_wconf 75' lang='lat' dir='ltr'>sancuiun</span> <span class='ocrx_word' id='word_1_7' title='bbox 820 234 846 265; x_wconf 80' lang='lat' dir='ltr'>rx</span> <span class='ocrx_word' id='word_1_8' title='bbox 885 258 891 265; x_wconf 80' lang='lat'>.</span> 
     </span>
    </p>
   </div>
   <div class='ocr_carea' id='block_1_2' title="bbox 49 339 1078 2065">
    <p class='ocr_par' dir='ltr' id='par_1_2' title="bbox 122 339 975 529">
     <span class='ocr_line' id='line_1_2' title="bbox 122 339 974 396; baseline 0.004 -12"><span class='ocrx_word' id='word_1_9' title='bbox 122 343 235 396; x_wconf 88' lang='lat' dir='ltr'>temporis</span> <span class='ocrx_word' id='word_1_10' title='bbox 245 340 412 387; x_wconf 81' lang='lat' dir='ltr'>numerosiores</span> <span class='ocrx_word' id='word_1_11' title='bbox 422 339 493 391; x_wconf 85' lang='lat' dir='ltr'>fiunt,</span> <span class='ocrx_word' id='word_1_12' title='bbox 509 345 577 395; x_wconf 87' lang='lat' dir='ltr'>patet</span> <span class='ocrx_word' id='word_1_13' title='bbox 588 340 639 384; x_wconf 89' lang='lat' dir='ltr'>RR.</span> <span class='ocrx_word' id='word_1_14' title='bbox 651 342 778 386; x_wconf 72' lang='lat' dir='ltr'>Pontifices</span> <span class='ocrx_word' id='word_1_15' title='bbox 789 344 834 386; x_wconf 87' lang='lat' dir='ltr'>sibi</span> <span class='ocrx_word' id='word_1_16' title='bbox 843 345 974 389; x_wconf 78' lang='lat' dir='ltr'>vindicasse,</span> 
     </span>
     <span class='ocr_line' id='line_1_3' title="bbox 122 408 972 463; baseline 0.002 -12"><span class='ocrx_word' id='word_1_17' title='bbox 122 410 159 452; x_wconf 90' lang='lat' dir='ltr'>ius</span> <span class='ocrx_word' id='word_1_18' title='bbox 168 410 312 450; x_wconf 77' lang='lat' dir='ltr'>exclusivum</span> <span class='ocrx_word' id='word_1_19' title='bbox 322 408 479 460; x_wconf 87' lang='lat' dir='ltr'>dispensandi,</span> <span class='ocrx_word' id='word_1_20' title='bbox 491 409 558 450; x_wconf 88' lang='lat' dir='ltr'>certis</span> <span class='ocrx_word' id='word_1_21' title='bbox 566 409 591 451; x_wconf 91' lang='lat' dir='ltr'>in</span> <span class='ocrx_word' id='word_1_22' title='bbox 598 410 710 458; x_wconf 75' lang='lat' dir='ltr'>materiis.</span> <span class='ocrx_word' id='word_1_23' title='bbox 721 413 780 463; x_wconf 83' lang='lat' dir='ltr'>puta</span> <span class='ocrx_word' id='word_1_24' title='bbox 789 412 972 461; x_wconf 74' lang='lat' dir='ltr'>ordinationum,</span> 
     </span>
     <span class='ocr_line' id='line_1_4' title="bbox 123 472 975 529; baseline 0.007 -13"><span class='ocrx_word' id='word_1_25' title='bbox 123 478 193 529; x_wconf 89' lang='lat' dir='ltr'>prout</span> <span class='ocrx_word' id='word_1_26' title='bbox 215 474 331 516; x_wconf 81' lang='lat' dir='ltr'>Gelasium</span> <span class='ocrx_word' id='word_1_27' title='bbox 342 472 372 527; x_wconf 83' lang='lat' dir='ltr'>(a.</span> <span class='ocrx_word' id='word_1_28' title='bbox 385 472 455 526; x_wconf 75' lang='grc'>404);</span> <span class='ocrx_word' id='word_1_29' title='bbox 471 490 479 512; x_wconf 80' lang='lat' dir='ltr'>u</span> <span class='ocrx_word' id='word_1_30' title='bbox 490 478 517 517; x_wconf 86' lang='lat' dir='ltr'>ne</span> <span class='ocrx_word' id='word_1_31' title='bbox 539 480 689 527; x_wconf 87' lang='lat' dir='ltr'>praesumant</span> <span class='ocrx_word' id='word_1_32' title='bbox 709 477 811 529; x_wconf 77' lang='lat' dir='ltr'>episcopi</span> <span class='ocrx_word' id='word_1_33' title='bbox 831 479 882 521; x_wconf 88' lang='lat' dir='ltr'>iura</span> <span class='ocrx_word' id='word_1_34' title='bbox 900 480 975 521; x_wconf 86' lang='lat' dir='ltr'>aliena</span> 
     </span>
    </p>

    <p class='ocr_par' dir='ltr' id='par_1_3' title="bbox 49 540 987 730">
     <span class='ocr_line' id='line_1_5' title="bbox 49 540 970 598; baseline 0.003 -15"><span class='ocrx_word' id='word_1_35' title='bbox 49 588 52 591; x_wconf 59' lang='grc'>,</span> <span class='ocrx_word' id='word_1_36' title='bbox 123 542 256 596; x_wconf 86' lang='lat' dir='ltr'>pervadere,</span> <span class='ocrx_word' id='word_1_37' title='bbox 274 541 428 594; x_wconf 86' lang='lat' dir='ltr'>dispensando</span> <span class='ocrx_word' id='word_1_38' title='bbox 446 553 499 582; x_wconf 90' lang='lat' dir='ltr'>cum</span> <span class='ocrx_word' id='word_1_39' title='bbox 515 540 645 594; x_wconf 75' lang='lat' dir='ltr'>bigamis...</span> <span class='ocrx_word' id='word_1_40' title='bbox 668 543 755 598; x_wconf 85' lang='lat' dir='ltr'>absque</span> <span class='ocrx_word' id='word_1_41' title='bbox 772 542 836 586; x_wconf 86' lang='lat' dir='ltr'>Sedis</span> <span class='ocrx_word' id='word_1_42' title='bbox 852 545 970 597; x_wconf 81' lang='lat' dir='ltr'>Apostoli-</span> 
     </span>
     <span class='ocr_line' id='line_1_6' title="bbox 124 605 987 664; baseline 0.003 -14"><span class='ocrx_word' id='word_1_43' title='bbox 124 621 163 650; x_wconf 86' lang='lat' dir='ltr'>cae</span> <span class='ocrx_word' id='word_1_44' title='bbox 174 607 238 650; x_wconf 83' lang='lat' dir='ltr'>iusta</span> <span class='ocrx_word' id='word_1_45' title='bbox 250 607 421 660; x_wconf 83' lang='lat' dir='ltr'>dispensauone</span> <span class='ocrx_word' id='word_1_46' title='bbox 433 608 562 650; x_wconf 87' lang='lat' dir='ltr'>mandante</span> <span class='ocrx_word' id='word_1_47' title='bbox 571 623 579 645; x_wconf 80' lang='lat' dir='ltr'>u</span> <span class='ocrx_word' id='word_1_48' title='bbox 591 605 631 661; x_wconf 87' lang='grc'>(1),</span> <span class='ocrx_word' id='word_1_49' title='bbox 645 608 672 651; x_wconf 93' lang='lat' dir='ltr'>In</span> <span class='ocrx_word' id='word_1_50' title='bbox 684 606 765 653; x_wconf 86' lang='lat' dir='ltr'>eadem</span> <span class='ocrx_word' id='word_1_51' title='bbox 777 611 877 664; x_wconf 87' lang='lat' dir='ltr'>epistola</span> <span class='ocrx_word' id='word_1_52' title='bbox 897 613 987 655; x_wconf 84' lang='lat' dir='ltr'>conce-&#39;</span> 
     </span>
     <span class='ocr_line' id='line_1_7' title="bbox 124 668 918 730; baseline 0.003 -13"><span class='ocrx_word' id='word_1_53' title='bbox 124 676 159 717; x_wconf 87' lang='lat' dir='ltr'>dit</span> <span class='ocrx_word' id='word_1_54' title='bbox 175 674 290 728; x_wconf 87' lang='lat' dir='ltr'>episcopis</span> <span class='ocrx_word' id='word_1_55' title='bbox 308 674 389 717; x_wconf 89' lang='lat' dir='ltr'>Italiae</span> <span class='ocrx_word' id='word_1_56' title='bbox 404 672 563 716; x_wconf 88' lang='lat' dir='ltr'>Meridionalis</span> <span class='ocrx_word' id='word_1_57' title='bbox 578 672 703 717; x_wconf 73' lang='lat' dir='ltr'>facultates</span> <span class='ocrx_word' id='word_1_58' title='bbox 720 677 877 730; x_wconf 88' lang='lat' dir='ltr'>dispensandi.</span> <span class='ocrx_word' id='word_1_59' title='bbox 916 668 918 674; x_wconf 32' lang='lat'>⁸</span> 
     </span>
    </p>

    <p class='ocr_par' dir='ltr' id='par_1_4' title="bbox 123 740 977 932">
     <span class='ocr_line' id='line_1_8' title="bbox 154 740 973 799; baseline 0.004 -14"><span class='ocrx_word' id='word_1_60' title='bbox 154 741 295 785; x_wconf 81' lang='lat' dir='ltr'>Concludere</span> <span class='ocrx_word' id='word_1_61' title='bbox 312 750 364 794; x_wconf 78' lang='lat' dir='ltr'>ergo</span> <span class='ocrx_word' id='word_1_62' title='bbox 381 741 436 783; x_wconf 89' lang='lat' dir='ltr'>licet</span> <span class='ocrx_word' id='word_1_63' title='bbox 452 741 520 784; x_wconf 79' lang='lat' dir='ltr'>iuxta</span> <span class='ocrx_word' id='word_1_64' title='bbox 536 744 638 783; x_wconf 88' lang='lat' dir='ltr'>mentem</span> <span class='ocrx_word' id='word_1_65' title='bbox 654 740 706 782; x_wconf 77' lang='lat' dir='ltr'>R&#39;R.</span> <span class='ocrx_word' id='word_1_66' title='bbox 724 742 869 787; x_wconf 84' lang='lat' dir='ltr'>Pontificum</span> <span class='ocrx_word' id='word_1_67' title='bbox 885 746 973 799; x_wconf 88' lang='lat' dir='ltr'>episco-</span> 
     </span>
     <span class='ocr_line' id='line_1_9' title="bbox 124 803 970 862; baseline 0.006 -12"><span class='ocrx_word' id='word_1_68' title='bbox 124 821 166 862; x_wconf 89' lang='lat' dir='ltr'>pos</span> <span class='ocrx_word' id='word_1_69' title='bbox 183 812 208 850; x_wconf 92' lang='lat' dir='ltr'>et</span> <span class='ocrx_word' id='word_1_70' title='bbox 225 808 326 862; x_wconf 87' lang='lat' dir='ltr'>synodos</span> <span class='ocrx_word' id='word_1_71' title='bbox 343 807 500 860; x_wconf 83' lang='lat' dir='ltr'>provinciales</span> <span class='ocrx_word' id='word_1_72' title='bbox 518 807 698 860; x_wconf 86' lang='lat' dir='ltr'>dispensationis</span> <span class='ocrx_word' id='word_1_73' title='bbox 715 809 752 851; x_wconf 82' lang='lat' dir='ltr'>lus</span> <span class='ocrx_word' id='word_1_74' title='bbox 770 803 906 855; x_wconf 86' lang='lat' dir='ltr'>concurrens</span> <span class='ocrx_word' id='word_1_75' title='bbox 924 826 970 855; x_wconf 90' lang='lat' dir='ltr'>non</span> 
     </span>
     <span class='ocr_line' id='line_1_10' title="bbox 123 873 977 932; baseline 0.005 -15"><span class='ocrx_word' id='word_1_76' title='bbox 123 875 241 932; x_wconf 81' lang='lat' dir='ltr'>habuisse.</span> <span class='ocrx_word' id='word_1_77' title='bbox 257 873 289 915; x_wconf 86' lang='lat' dir='ltr'>Et</span> <span class='ocrx_word' id='word_1_78' title='bbox 303 876 331 916; x_wconf 89' lang='lat' dir='ltr'>de</span> <span class='ocrx_word' id='word_1_79' title='bbox 344 873 406 917; x_wconf 85' lang='lat' dir='ltr'>iacto</span> <span class='ocrx_word' id='word_1_80' title='bbox 422 873 525 926; x_wconf 89' lang='lat' dir='ltr'>episcopi</span> <span class='ocrx_word' id='word_1_81' title='bbox 540 873 686 928; x_wconf 86' lang='lat' dir='ltr'>frequentius</span> <span class='ocrx_word' id='word_1_82' title='bbox 700 873 801 919; x_wconf 80' lang='lat' dir='ltr'>Romam</span> <span class='ocrx_word' id='word_1_83' title='bbox 814 879 922 923; x_wconf 84' lang='lat' dir='ltr'>tendunt</span> <span class='ocrx_word' id='word_1_84' title='bbox 948 880 977 922; x_wconf 89' lang='lat' dir='ltr'>ad</span> 
     </span>
    </p>

    <p class='ocr_par' dir='ltr' id='par_1_5' title="bbox 81 939 340 995">
     <span class='ocr_line' id='line_1_11' title="bbox 81 939 340 995; baseline -0.012 -11"><span class='ocrx_word' id='word_1_85' title='bbox 81 988 83 993; x_wconf 72' lang='lat'>.</span> <span class='ocrx_word' id='word_1_86' title='bbox 124 939 340 995; x_wconf 59' lang='lat' dir='ltr'>easpetendasffl).</span> 
     </span>
    </p>

    <p class='ocr_par' dir='ltr' id='par_1_6' title="bbox 123 1001 1078 1597">
     <span class='ocr_line' id='line_1_12' title="bbox 155 1001 978 1063; baseline 0.006 -14"><span class='ocrx_word' id='word_1_87' title='bbox 155 1007 203 1049; x_wconf 92' lang='lat' dir='ltr'>Nec</span> <span class='ocrx_word' id='word_1_88' title='bbox 213 1008 289 1056; x_wconf 86' lang='lat' dir='ltr'>tanta,</span> <span class='ocrx_word' id='word_1_89' title='bbox 302 1011 329 1049; x_wconf 90' lang='lat' dir='ltr'>ut</span> <span class='ocrx_word' id='word_1_90' title='bbox 339 1006 392 1048; x_wconf 88' lang='lat' dir='ltr'>vult</span> <span class='ocrx_word' id='word_1_91' title='bbox 404 1005 524 1048; x_wconf 75' lang='lat' dir='ltr'>Srrscrnn</span> <span class='ocrx_word' id='word_1_92' title='bbox 536 1001 577 1060; x_wconf 69' lang='lat' dir='ltr'>(3),v</span> <span class='ocrx_word' id='word_1_93' title='bbox 595 1006 641 1050; x_wconf 84' lang='lat' dir='ltr'>fuit</span> <span class='ocrx_word' id='word_1_94' title='bbox 654 1010 845 1063; x_wconf 81' lang='lat' dir='ltr'>discrepantiam</span> <span class='ocrx_word' id='word_1_95' title='bbox 857 1025 901 1054; x_wconf 88' lang='lat' dir='ltr'>usu</span> <span class='ocrx_word' id='word_1_96' title='bbox 923 1015 978 1055; x_wconf 86' lang='lat' dir='ltr'>ante</span> 
     </span>
     <span class='ocr_line' id='line_1_13' title="bbox 125 1073 979 1131; baseline 0.006 -14"><span class='ocrx_word' id='word_1_97' title='bbox 125 1079 148 1117; x_wconf 86' lang='lat' dir='ltr'>et</span> <span class='ocrx_word' id='word_1_98' title='bbox 160 1078 214 1129; x_wconf 91' lang='lat' dir='ltr'>post</span> <span class='ocrx_word' id='word_1_99' title='bbox 226 1073 343 1116; x_wconf 88' lang='lat' dir='ltr'>saeculum</span> <span class='ocrx_word' id='word_1_100' title='bbox 354 1073 400 1115; x_wconf 67' lang='lat' dir='ltr'>VI..</span> <span class='ocrx_word' id='word_1_101' title='bbox 408 1073 504 1115; x_wconf 88' lang='lat' dir='ltr'>Etenim</span> <span class='ocrx_word' id='word_1_102' title='bbox 516 1085 556 1126; x_wconf 89' lang='lat' dir='ltr'>per</span> <span class='ocrx_word' id='word_1_103' title='bbox 565 1074 605 1117; x_wconf 88' lang='lat' dir='ltr'>illa</span> <span class='ocrx_word' id='word_1_104' title='bbox 617 1077 709 1119; x_wconf 89' lang='lat' dir='ltr'>saecula</span> <span class='ocrx_word' id='word_1_105' title='bbox 731 1078 835 1130; x_wconf 83' lang='lat' dir='ltr'>synodus</span> <span class='ocrx_word' id='word_1_106' title='bbox 847 1079 979 1131; x_wconf 79' lang='lat' dir='ltr'>provirrcia-</span> 
     </span>
     <span class='ocr_line' id='line_1_14' title="bbox 123 1140 1078 1199; baseline 0.003 -15"><span class='ocrx_word' id='word_1_107' title='bbox 123 1140 383 1193; x_wconf 82' lang='lat' dir='ltr'>lismanetsuhjectum</span> <span class='ocrx_word' id='word_1_108' title='bbox 395 1140 500 1183; x_wconf 77' lang='lat' dir='ltr'>activum</span> <span class='ocrx_word' id='word_1_109' title='bbox 515 1141 658 1185; x_wconf 84' lang='lat' dir='ltr'>ordinarium</span> <span class='ocrx_word' id='word_1_110' title='bbox 676 1144 803 1196; x_wconf 87' lang='lat' dir='ltr'>potestatis</span> <span class='ocrx_word' id='word_1_111' title='bbox 819 1146 976 1199; x_wconf 86' lang='lat' dir='ltr'>dispensandi,</span> <span class='ocrx_word' id='word_1_112' title='bbox 1038 1181 1040 1184; x_wconf 43' lang='lat'>.</span> <span class='ocrx_word' id='word_1_113' title='bbox 1076 1192 1078 1194; x_wconf 66' lang='lat'><em>,</em></span> 
     </span>
     <span class='ocr_line' id='line_1_15' title="bbox 124 1207 979 1266; baseline 0.004 -14"><span class='ocrx_word' id='word_1_114' title='bbox 124 1223 151 1252; x_wconf 91' lang='lat' dir='ltr'>eo</span> <span class='ocrx_word' id='word_1_115' title='bbox 162 1208 200 1250; x_wconf 85' lang='lat' dir='ltr'>vel</span> <span class='ocrx_word' id='word_1_116' title='bbox 211 1207 285 1260; x_wconf 75' lang='lat' dir='ltr'>magis</span> <span class='ocrx_word' id='word_1_117' title='bbox 294 1207 417 1262; x_wconf 87' lang='lat' dir='ltr'>quodinde</span> <span class='ocrx_word' id='word_1_118' title='bbox 430 1220 443 1252; x_wconf 84' lang='lat' dir='ltr'>a</span> <span class='ocrx_word' id='word_1_119' title='bbox 454 1207 545 1250; x_wconf 87' lang='lat' dir='ltr'>saeculo</span> <span class='ocrx_word' id='word_1_120' title='bbox 558 1207 590 1249; x_wconf 85' lang='lat' dir='ltr'>VI</span> <span class='ocrx_word' id='word_1_121' title='bbox 601 1211 685 1261; x_wconf 88' lang='lat' dir='ltr'>synodi</span> <span class='ocrx_word' id='word_1_122' title='bbox 698 1210 835 1263; x_wconf 87' lang='lat' dir='ltr'>dispensant</span> <span class='ocrx_word' id='word_1_123' title='bbox 845 1213 870 1255; x_wconf 78' lang='lat' dir='ltr'>ln</span> <span class='ocrx_word' id='word_1_124' title='bbox 880 1213 979 1266; x_wconf 88' lang='lat' dir='ltr'>impedi-</span> 
     </span>
     <span class='ocr_line' id='line_1_16' title="bbox 125 1272 978 1332; baseline 0.006 -13"><span class='ocrx_word' id='word_1_125' title='bbox 125 1275 211 1319; x_wconf 90' lang='lat' dir='ltr'>mentis</span> <span class='ocrx_word' id='word_1_126' title='bbox 222 1272 442 1322; x_wconf 77' lang='lat' dir='ltr'>matrimonIalihus,</span> <span class='ocrx_word' id='word_1_127' title='bbox 456 1285 515 1326; x_wconf 87' lang='lat' dir='ltr'>quae</span> <span class='ocrx_word' id='word_1_128' title='bbox 535 1274 624 1317; x_wconf 88' lang='lat' dir='ltr'>abhoc</span> <span class='ocrx_word' id='word_1_129' title='bbox 646 1279 752 1329; x_wconf 89' lang='lat' dir='ltr'>tempore</span> <span class='ocrx_word' id='word_1_130' title='bbox 772 1277 821 1330; x_wconf 76' lang='lat' dir='ltr'>lege</span> <span class='ocrx_word' id='word_1_131' title='bbox 841 1277 978 1332; x_wconf 89' lang='lat' dir='ltr'>particulari</span> 
     </span>
     <span class='ocr_line' id='line_1_17' title="bbox 124 1339 978 1400; baseline 0 -12"><span class='ocrx_word' id='word_1_132' title='bbox 124 1343 268 1400; x_wconf 87' lang='lat' dir='ltr'>synodorum</span> <span class='ocrx_word' id='word_1_133' title='bbox 281 1343 427 1385; x_wconf 87' lang='lat' dir='ltr'>statuuntur.</span> <span class='ocrx_word' id='word_1_134' title='bbox 453 1339 562 1390; x_wconf 85' lang='lat' dir='ltr'>Aliunde,</span> <span class='ocrx_word' id='word_1_135' title='bbox 586 1342 689 1396; x_wconf 86' lang='lat' dir='ltr'>episcopi</span> <span class='ocrx_word' id='word_1_136' title='bbox 712 1345 740 1385; x_wconf 93' lang='lat' dir='ltr'>de</span> <span class='ocrx_word' id='word_1_137' title='bbox 762 1343 824 1387; x_wconf 80' lang='lat' dir='ltr'>facto</span> <span class='ocrx_word' id='word_1_138' title='bbox 839 1350 978 1390; x_wconf 88' lang='lat' dir='ltr'>conservant</span> 
     </span>
     <span class='ocr_line' id='line_1_18' title="bbox 124 1405 976 1464; baseline 0.002 -11"><span class='ocrx_word' id='word_1_139' title='bbox 124 1412 162 1453; x_wconf 90' lang='lat' dir='ltr'>ius</span> <span class='ocrx_word' id='word_1_140' title='bbox 174 1412 213 1451; x_wconf 86' lang='lat' dir='ltr'>sat</span> <span class='ocrx_word' id='word_1_141' title='bbox 227 1407 336 1464; x_wconf 86' lang='lat' dir='ltr'>amplum,</span> <span class='ocrx_word' id='word_1_142' title='bbox 349 1409 403 1448; x_wconf 91' lang='lat' dir='ltr'>tum</span> <span class='ocrx_word' id='word_1_143' title='bbox 416 1405 445 1448; x_wconf 84' lang='lat' dir='ltr'>ob</span> <span class='ocrx_word' id='word_1_144' title='bbox 459 1407 622 1451; x_wconf 88' lang='lat' dir='ltr'>necessitatem</span> <span class='ocrx_word' id='word_1_145' title='bbox 643 1413 784 1462; x_wconf 82' lang='lat' dir='ltr'>temporum,</span> <span class='ocrx_word' id='word_1_146' title='bbox 797 1414 850 1454; x_wconf 93' lang='lat' dir='ltr'>tum</span> <span class='ocrx_word' id='word_1_147' title='bbox 864 1425 893 1454; x_wconf 85' lang='lat' dir='ltr'>ex</span> <span class='ocrx_word' id='word_1_148' title='bbox 917 1413 976 1456; x_wconf 91' lang='lat' dir='ltr'>dele-</span> 
     </span>
     <span class='ocr_line' id='line_1_19' title="bbox 125 1468 979 1531; baseline 0.001 -11"><span class='ocrx_word' id='word_1_149' title='bbox 125 1476 221 1531; x_wconf 78' lang='lat' dir='ltr'>gatione</span> <span class='ocrx_word' id='word_1_150' title='bbox 234 1474 324 1528; x_wconf 90' lang='lat' dir='ltr'>synodi,</span> <span class='ocrx_word' id='word_1_151' title='bbox 352 1468 407 1515; x_wconf 84' lang='lat' dir='ltr'>iicet</span> <span class='ocrx_word' id='word_1_152' title='bbox 424 1472 457 1515; x_wconf 89' lang='lat' dir='ltr'>eis</span> <span class='ocrx_word' id='word_1_153' title='bbox 468 1474 493 1517; x_wconf 85' lang='lat' dir='ltr'>ln</span> <span class='ocrx_word' id='word_1_154' title='bbox 509 1472 650 1531; x_wconf 81' lang='lat' dir='ltr'>quibusdam</span> <span class='ocrx_word' id='word_1_155' title='bbox 659 1478 785 1530; x_wconf 79' lang='lat' dir='ltr'>denegetur</span> <span class='ocrx_word' id='word_1_156' title='bbox 794 1491 808 1521; x_wconf 91' lang='lat' dir='ltr'>a</span> <span class='ocrx_word' id='word_1_157' title='bbox 816 1476 868 1521; x_wconf 75' lang='grc' dir='ltr'>ΒΗ.</span> <span class='ocrx_word' id='word_1_158' title='bbox 878 1477 979 1526; x_wconf 79' lang='lat' dir='ltr'>Pontifi-</span> 
     </span>
     <span class='ocr_line' id='line_1_20' title="bbox 126 1541 775 1597; baseline -0.005 -11"><span class='ocrx_word' id='word_1_159' title='bbox 126 1542 192 1587; x_wconf 87' lang='lat' dir='ltr'>cibus</span> <span class='ocrx_word' id='word_1_160' title='bbox 207 1542 244 1584; x_wconf 88' lang='lat' dir='ltr'>ius</span> <span class='ocrx_word' id='word_1_161' title='bbox 253 1541 408 1597; x_wconf 89' lang='lat' dir='ltr'>dispensandi.</span> <span class='ocrx_word' id='word_1_162' title='bbox 773 1544 775 1546; x_wconf 80' lang='grc'><strong>’</strong></span> 
     </span>
    </p>

    <p class='ocr_par' dir='ltr' id='par_1_7' title="bbox 128 1606 983 2065">
     <span class='ocr_line' id='line_1_21' title="bbox 156 1606 974 1669; baseline 0.007 -19"><span class='ocrx_word' id='word_1_163' title='bbox 156 1606 383 1652; x_wconf 77' lang='lat' dir='ltr'>Unicadifferentia</span> <span class='ocrx_word' id='word_1_164' title='bbox 398 1610 434 1648; x_wconf 82' lang='lat' dir='ltr'>est</span> <span class='ocrx_word' id='word_1_165' title='bbox 449 1606 474 1650; x_wconf 90' lang='lat' dir='ltr'>in</span> <span class='ocrx_word' id='word_1_166' title='bbox 490 1622 534 1669; x_wconf 86' lang='lat' dir='ltr'>usu</span> <span class='ocrx_word' id='word_1_167' title='bbox 550 1608 701 1663; x_wconf 80' lang='lat' dir='ltr'>frequentiori</span> <span class='ocrx_word' id='word_1_168' title='bbox 718 1612 845 1667; x_wconf 86' lang='lat' dir='ltr'>potestatis</span> <span class='ocrx_word' id='word_1_169' title='bbox 862 1617 974 1666; x_wconf 82' lang='lat' dir='ltr'>exparte</span> 
     </span>
     <span class='ocr_line' id='line_1_22' title="bbox 128 1673 978 1733; baseline 0.005 -15"><span class='ocrx_word' id='word_1_170' title='bbox 128 1677 180 1718; x_wconf 77' lang='grc' dir='ltr'>ΒΗ.</span> <span class='ocrx_word' id='word_1_171' title='bbox 193 1675 344 1718; x_wconf 79' lang='lat' dir='ltr'>Pontificum.</span> <span class='ocrx_word' id='word_1_172' title='bbox 360 1673 451 1717; x_wconf 84' lang='lat' dir='ltr'>Notatu</span> <span class='ocrx_word' id='word_1_173' title='bbox 466 1676 561 1729; x_wconf 78' lang='lat' dir='ltr'>dignum</span> <span class='ocrx_word' id='word_1_174' title='bbox 575 1680 609 1719; x_wconf 92' lang='lat' dir='ltr'>est</span> <span class='ocrx_word' id='word_1_175' title='bbox 622 1677 708 1729; x_wconf 88' lang='lat' dir='ltr'>pluries</span> <span class='ocrx_word' id='word_1_176' title='bbox 720 1678 779 1728; x_wconf 61' lang='lat' dir='ltr'>illos.</span> <span class='ocrx_word' id='word_1_177' title='bbox 795 1680 836 1731; x_wconf 88' lang='lat' dir='ltr'>qui</span> <span class='ocrx_word' id='word_1_178' title='bbox 853 1694 866 1722; x_wconf 89' lang='lat' dir='ltr'>a</span> <span class='ocrx_word' id='word_1_179' title='bbox 880 1681 978 1733; x_wconf 89' lang='lat' dir='ltr'>synodis</span> 
     </span>
     <span class='ocr_line' id='line_1_23' title="bbox 129 1743 981 1801; baseline 0.004 -15"><span class='ocrx_word' id='word_1_180' title='bbox 129 1744 329 1798; x_wconf 84' lang='lat' dir='ltr'>dispensationem</span> <span class='ocrx_word' id='word_1_181' title='bbox 341 1756 387 1786; x_wconf 87' lang='lat' dir='ltr'>non</span> <span class='ocrx_word' id='word_1_182' title='bbox 399 1743 559 1792; x_wconf 84' lang='lat' dir='ltr'>obtinuerant,</span> <span class='ocrx_word' id='word_1_183' title='bbox 573 1743 673 1787; x_wconf 80' lang='lat' dir='ltr'>Romam</span> <span class='ocrx_word' id='word_1_184' title='bbox 684 1745 813 1787; x_wconf 83' lang='lat' dir='ltr'>tetendisse</span> <span class='ocrx_word' id='word_1_185' title='bbox 825 1747 854 1788; x_wconf 88' lang='lat' dir='ltr'>ad</span> <span class='ocrx_word' id='word_1_186' title='bbox 865 1747 930 1788; x_wconf 90' lang='lat' dir='ltr'>illam</span> <span class='ocrx_word' id='word_1_187' title='bbox 942 1760 981 1801; x_wconf 91' lang='lat' dir='ltr'>pe-</span> 
     </span>
     <span class='ocr_line' id='line_1_24' title="bbox 129 1808 979 1864; baseline 0.004 -12"><span class='ocrx_word' id='word_1_188' title='bbox 129 1811 226 1854; x_wconf 89' lang='lat' dir='ltr'>tendam</span> <span class='ocrx_word' id='word_1_189' title='bbox 238 1808 278 1864; x_wconf 82' lang='grc'>(4).</span> <span class='ocrx_word' id='word_1_190' title='bbox 295 1810 321 1853; x_wconf 92' lang='lat' dir='ltr'>In</span> <span class='ocrx_word' id='word_1_191' title='bbox 335 1809 460 1853; x_wconf 87' lang='lat' dir='ltr'>Germania</span> <span class='ocrx_word' id='word_1_192' title='bbox 472 1813 558 1859; x_wconf 80' lang='lat' dir='ltr'>tamen,</span> <span class='ocrx_word' id='word_1_193' title='bbox 573 1811 663 1857; x_wconf 83' lang='lat' dir='ltr'>saeculo</span> <span class='ocrx_word' id='word_1_194' title='bbox 678 1810 744 1859; x_wconf 86' lang='lat' dir='ltr'>VIII,</span> <span class='ocrx_word' id='word_1_195' title='bbox 758 1810 851 1854; x_wconf 82' lang='lat' dir='ltr'>facilius</span> <span class='ocrx_word' id='word_1_196' title='bbox 875 1812 897 1854; x_wconf 89' lang='lat' dir='ltr'>S.</span> <span class='ocrx_word' id='word_1_197' title='bbox 910 1813 979 1856; x_wconf 88' lang='lat' dir='ltr'>Sedes</span> 
     </span>
     <span class='ocr_line' id='line_1_25' title="bbox 128 1877 980 1932; baseline 0.004 -13"><span class='ocrx_word' id='word_1_198' title='bbox 128 1878 209 1931; x_wconf 88' lang='lat' dir='ltr'>potuit</span> <span class='ocrx_word' id='word_1_199' title='bbox 218 1878 247 1919; x_wconf 83' lang='lat' dir='ltr'>ad</span> <span class='ocrx_word' id='word_1_200' title='bbox 256 1877 348 1929; x_wconf 82' lang='lat' dir='ltr'>praxim</span> <span class='ocrx_word' id='word_1_201' title='bbox 357 1878 470 1919; x_wconf 86' lang='lat' dir='ltr'>deducere</span> <span class='ocrx_word' id='word_1_202' title='bbox 478 1878 514 1920; x_wconf 91' lang='lat' dir='ltr'>ius</span> <span class='ocrx_word' id='word_1_203' title='bbox 523 1888 590 1920; x_wconf 87' lang='lat' dir='ltr'>suum</span> <span class='ocrx_word' id='word_1_204' title='bbox 600 1877 787 1930; x_wconf 84' lang='lat' dir='ltr'>dispensationis,</span> <span class='ocrx_word' id='word_1_205' title='bbox 797 1881 850 1920; x_wconf 92' lang='lat' dir='ltr'>tum</span> <span class='ocrx_word' id='word_1_206' title='bbox 867 1880 923 1932; x_wconf 86' lang='lat' dir='ltr'>quia</span> <span class='ocrx_word' id='word_1_207' title='bbox 932 1881 980 1922; x_wconf 89' lang='lat' dir='ltr'>eius</span> 
     </span>
     <span class='ocr_line' id='line_1_26' title="bbox 128 1942 983 2003; baseline 0.004 -17"><span class='ocrx_word' id='word_1_208' title='bbox 128 1943 257 1986; x_wconf 88' lang='lat' dir='ltr'>auctoritas</span> <span class='ocrx_word' id='word_1_209' title='bbox 268 1942 302 1985; x_wconf 85' lang='lat' dir='ltr'>ibi</span> <span class='ocrx_word' id='word_1_210' title='bbox 315 1944 389 1997; x_wconf 79' lang='lat' dir='ltr'>magis</span> <span class='ocrx_word' id='word_1_211' title='bbox 401 1944 542 1993; x_wconf 85' lang='lat' dir='ltr'>invaluerat,</span> <span class='ocrx_word' id='word_1_212' title='bbox 556 1946 607 1990; x_wconf 90' lang='lat' dir='ltr'>tum</span> <span class='ocrx_word' id='word_1_213' title='bbox 621 1943 677 2002; x_wconf 87' lang='lat' dir='ltr'>quia</span> <span class='ocrx_word' id='word_1_214' title='bbox 689 1943 875 2003; x_wconf 87' lang='lat' dir='ltr'>rariusconcilia</span> <span class='ocrx_word' id='word_1_215' title='bbox 888 1946 983 1999; x_wconf 85' lang='lat' dir='ltr'>provin-</span> 
     </span>
     <span class='ocr_line' id='line_1_27' title="bbox 129 2001 854 2065; baseline 0 -12"><span class='ocrx_word' id='word_1_216' title='bbox 129 2010 198 2060; x_wconf 64' lang='lat' dir='ltr'>erana</span> <span class='ocrx_word' id='word_1_217' title='bbox 207 2010 241 2052; x_wconf 74' lang='lat' dir='ltr'>ni</span> <span class='ocrx_word' id='word_1_218' title='bbox 252 2011 446 2055; x_wconf 79' lang='lat' dir='ltr'>coadunabantur</span> <span class='ocrx_word' id='word_1_219' title='bbox 457 2010 497 2065; x_wconf 84' lang='lat'>(5).</span> <span class='ocrx_word' id='word_1_220' title='bbox 853 2001 854 2004; x_wconf 76' lang='grc'>’</span> 
     </span>
    </p>
   </div>
   <div class='ocr_carea' id='block_1_3' title="bbox 81 2185 1078 3031">
    <p class='ocr_par' dir='ltr' id='par_1_8' title="bbox 81 2185 984 2290">
     <span class='ocr_line' id='line_1_28' title="bbox 131 2185 984 2234; baseline -0.005 -8"><span class='ocrx_word' id='word_1_221' title='bbox 131 2189 183 2231; x_wconf 87' lang='lat' dir='ltr'>mihi</span> <span class='ocrx_word' id='word_1_222' title='bbox 198 2189 280 2225; x_wconf 75' lang='lat' dir='ltr'>credita</span> <span class='ocrx_word' id='word_1_223' title='bbox 294 2190 332 2233; x_wconf 83' lang='lat' dir='ltr'>est,</span> <span class='ocrx_word' id='word_1_224' title='bbox 347 2190 409 2225; x_wconf 81' lang='lat' dir='ltr'>etad</span> <span class='ocrx_word' id='word_1_225' title='bbox 423 2198 495 2223; x_wconf 84' lang='lat' dir='ltr'>meum</span> <span class='ocrx_word' id='word_1_226' title='bbox 508 2185 579 2222; x_wconf 87' lang='lat' dir='ltr'>tendit</span> <span class='ocrx_word' id='word_1_227' title='bbox 592 2188 684 2229; x_wconf 79' lang='lat' dir='ltr'>reatum,</span> <span class='ocrx_word' id='word_1_228' title='bbox 710 2187 726 2221; x_wconf 84' lang='lat' dir='ltr'>si</span> <span class='ocrx_word' id='word_1_229' title='bbox 739 2189 879 2231; x_wconf 84' lang='lat' dir='ltr'>paternarum</span> <span class='ocrx_word' id='word_1_230' title='bbox 901 2190 984 2234; x_wconf 76' lang='lat' dir='ltr'>regulae</span> 
     </span>
     <span class='ocr_line' id='line_1_29' title="bbox 81 2243 955 2290; baseline -0.005 -8"><span class='ocrx_word' id='word_1_231' title='bbox 81 2244 90 2261; x_wconf 87' lang='lat'><strong>¹</strong></span> <span class='ocrx_word' id='word_1_232' title='bbox 131 2246 267 2290; x_wconf 84' lang='lat' dir='ltr'>sanctionum</span> <span class='ocrx_word' id='word_1_233' title='bbox 279 2254 313 2279; x_wconf 88' lang='lat' dir='ltr'>me</span> <span class='ocrx_word' id='word_1_234' title='bbox 325 2245 452 2287; x_wconf 79' lang='lat' dir='ltr'>connivente</span> <span class='ocrx_word' id='word_1_235' title='bbox 465 2245 571 2280; x_wconf 82' lang='lat' dir='ltr'>vtolentur</span> <span class='ocrx_word' id='word_1_236' title='bbox 580 2257 593 2279; x_wconf 78' lang='lat' dir='ltr'>u.</span> <span class='ocrx_word' id='word_1_237' title='bbox 607 2262 635 2275; x_wconf 57' lang='lat'>—,</span> <span class='ocrx_word' id='word_1_238' title='bbox 646 2243 676 2280; x_wconf 86' lang='lat' dir='ltr'>Cf.</span> <span class='ocrx_word' id='word_1_239' title='bbox 690 2243 807 2286; x_wconf 74' lang='lat' dir='ltr'>Srrucnnn,</span> <span class='ocrx_word' id='word_1_240' title='bbox 821 2254 837 2280; x_wconf 88' lang='lat' dir='ltr'>o.</span> <span class='ocrx_word' id='word_1_241' title='bbox 851 2255 875 2287; x_wconf 66' lang='lat' dir='ltr'>c„</span> <span class='ocrx_word' id='word_1_242' title='bbox 888 2255 908 2289; x_wconf 90' lang='lat' dir='ltr'>p.</span> <span class='ocrx_word' id='word_1_243' title='bbox 923 2247 955 2281; x_wconf 80' lang='lat'>91.</span> 
     </span>
    </p>

    <p class='ocr_par' dir='ltr' id='par_1_9' title="bbox 158 2297 665 2347">
     <span class='ocr_line' id='line_1_30' title="bbox 158 2297 665 2347; baseline -0.002 -10"><span class='ocrx_word' id='word_1_244' title='bbox 158 2302 188 2347; x_wconf 87' lang='lat'>(1)</span> <span class='ocrx_word' id='word_1_245' title='bbox 205 2302 235 2338; x_wconf 76' lang='lat' dir='ltr'>CI.</span> <span class='ocrx_word' id='word_1_246' title='bbox 246 2302 362 2345; x_wconf 77' lang='lat' dir='ltr'>Srrnonen,</span> <span class='ocrx_word' id='word_1_247' title='bbox 373 2312 390 2338; x_wconf 89' lang='lat' dir='ltr'>o.</span> <span class='ocrx_word' id='word_1_248' title='bbox 401 2312 423 2345; x_wconf 67' lang='lat' dir='ltr'>e..</span> <span class='ocrx_word' id='word_1_249' title='bbox 434 2312 454 2346; x_wconf 91' lang='lat' dir='ltr'>p.</span> <span class='ocrx_word' id='word_1_250' title='bbox 467 2301 498 2337; x_wconf 77' lang='lat'>93.</span> <span class='ocrx_word' id='word_1_251' title='bbox 663 2297 665 2299; x_wconf 69' lang='grc'>’</span> 
     </span>
    </p>

    <p class='ocr_par' dir='ltr' id='par_1_10' title="bbox 158 2356 909 2405">
     <span class='ocr_line' id='line_1_31' title="bbox 158 2356 909 2405; baseline -0.003 -11"><span class='ocrx_word' id='word_1_252' title='bbox 158 2358 188 2405; x_wconf 86' lang='grc'>(2)</span> <span class='ocrx_word' id='word_1_253' title='bbox 205 2359 234 2394; x_wconf 81' lang='lat' dir='ltr'>Gi.</span> <span class='ocrx_word' id='word_1_254' title='bbox 247 2358 410 2401; x_wconf 72' lang='lat' dir='ltr'>Trronnssrnus,</span> <span class='ocrx_word' id='word_1_255' title='bbox 422 2368 440 2394; x_wconf 91' lang='lat' dir='ltr'>o.</span> <span class='ocrx_word' id='word_1_256' title='bbox 452 2368 476 2401; x_wconf 73' lang='lat' dir='ltr'>o,</span> <span class='ocrx_word' id='word_1_257' title='bbox 490 2358 501 2394; x_wconf 90' lang='lat' dir='ltr'>l.</span> <span class='ocrx_word' id='word_1_258' title='bbox 514 2367 537 2400; x_wconf 82' lang='lat' dir='ltr'>c,</span> <span class='ocrx_word' id='word_1_259' title='bbox 550 2366 569 2392; x_wconf 79' lang='lat' dir='ltr'>n.</span> <span class='ocrx_word' id='word_1_260' title='bbox 582 2356 599 2392; x_wconf 89' lang='lat'>7.</span> <span class='ocrx_word' id='word_1_261' title='bbox 613 2375 640 2381; x_wconf 88' lang='lat'>—-</span> <span class='ocrx_word' id='word_1_262' title='bbox 649 2356 767 2399; x_wconf 76' lang='lat' dir='ltr'>Srrsonnn,</span> <span class='ocrx_word' id='word_1_263' title='bbox 779 2366 796 2392; x_wconf 91' lang='lat' dir='ltr'>o.</span> <span class='ocrx_word' id='word_1_264' title='bbox 808 2366 832 2400; x_wconf 61' lang='lat' dir='ltr'>c..</span> <span class='ocrx_word' id='word_1_265' title='bbox 844 2367 864 2402; x_wconf 88' lang='lat' dir='ltr'>p.</span> <span class='ocrx_word' id='word_1_266' title='bbox 877 2358 909 2400; x_wconf 76' lang='lat'>94.</span> 
     </span>
    </p>

    <p class='ocr_par' dir='ltr' id='par_1_11' title="bbox 158 2407 848 2460">
     <span class='ocr_line' id='line_1_32' title="bbox 158 2407 848 2460; baseline -0.001 -10"><span class='ocrx_word' id='word_1_267' title='bbox 158 2415 188 2460; x_wconf 82' lang='lat'>(3)</span> <span class='ocrx_word' id='word_1_268' title='bbox 205 2415 227 2451; x_wconf 88' lang='lat'>0.</span> <span class='ocrx_word' id='word_1_269' title='bbox 241 2425 264 2457; x_wconf 80' lang='lat' dir='ltr'>c,</span> <span class='ocrx_word' id='word_1_270' title='bbox 277 2424 298 2459; x_wconf 89' lang='lat' dir='ltr'>p.</span> <span class='ocrx_word' id='word_1_271' title='bbox 313 2415 395 2451; x_wconf 76' lang='lat' dir='ltr'>aomo.</span> <span class='ocrx_word' id='word_1_272' title='bbox 847 2407 848 2410; x_wconf 51' lang='lat'>&#39;</span> 
     </span>
    </p>

    <p class='ocr_par' dir='ltr' id='par_1_12' title="bbox 131 2469 990 2972">
     <span class='ocr_line' id='line_1_33' title="bbox 159 2469 986 2517; baseline -0.001 -10"><span class='ocrx_word' id='word_1_273' title='bbox 159 2471 188 2517; x_wconf 75' lang='lat' dir='ltr'>(l)</span> <span class='ocrx_word' id='word_1_274' title='bbox 206 2471 235 2515; x_wconf 75' lang='lat' dir='ltr'>CI.</span> <span class='ocrx_word' id='word_1_275' title='bbox 250 2472 367 2508; x_wconf 76' lang='lat' dir='ltr'>Srrnonun.</span> <span class='ocrx_word' id='word_1_276' title='bbox 381 2482 398 2512; x_wconf 86' lang='lat' dir='ltr'>o.</span> <span class='ocrx_word' id='word_1_277' title='bbox 409 2481 432 2514; x_wconf 76' lang='lat' dir='ltr'>c..</span> <span class='ocrx_word' id='word_1_278' title='bbox 443 2481 464 2515; x_wconf 88' lang='lat' dir='ltr'>p.</span> <span class='ocrx_word' id='word_1_279' title='bbox 476 2470 500 2505; x_wconf 79' lang='lat'>98</span> <span class='ocrx_word' id='word_1_280' title='bbox 511 2479 556 2514; x_wconf 84' lang='lat' dir='ltr'>sqq.</span> <span class='ocrx_word' id='word_1_281' title='bbox 575 2469 619 2504; x_wconf 88' lang='lat' dir='ltr'>Nec</span> <span class='ocrx_word' id='word_1_282' title='bbox 628 2469 765 2513; x_wconf 87' lang='lat' dir='ltr'>caeteroquin</span> <span class='ocrx_word' id='word_1_283' title='bbox 776 2469 928 2513; x_wconf 78' lang='lat' dir='ltr'>Thomassinus</span> <span class='ocrx_word' id='word_1_284' title='bbox 939 2473 986 2514; x_wconf 76' lang='lat' dir='ltr'>tam</span> 
     </span>
     <span class='ocr_line' id='line_1_34' title="bbox 131 2525 985 2573; baseline 0 -11"><span class='ocrx_word' id='word_1_285' title='bbox 131 2529 189 2573; x_wconf 69' lang='lat' dir='ltr'>arete</span> <span class='ocrx_word' id='word_1_286' title='bbox 207 2528 305 2573; x_wconf 88' lang='lat' dir='ltr'>periodos</span> <span class='ocrx_word' id='word_1_287' title='bbox 315 2529 426 2572; x_wconf 68' lang='lat' dir='ltr'>distingui‘r</span> <span class='ocrx_word' id='word_1_288' title='bbox 441 2528 467 2562; x_wconf 88' lang='lat' dir='ltr'>ut</span> <span class='ocrx_word' id='word_1_289' title='bbox 482 2526 570 2570; x_wconf 82' lang='lat' dir='ltr'>Stlegler</span> <span class='ocrx_word' id='word_1_290' title='bbox 583 2525 660 2561; x_wconf 87' lang='lat' dir='ltr'>innuit.</span> <span class='ocrx_word' id='word_1_291' title='bbox 687 2526 749 2569; x_wconf 82' lang='lat' dir='ltr'>Quod</span> <span class='ocrx_word' id='word_1_292' title='bbox 764 2525 782 2560; x_wconf 89' lang='lat' dir='ltr'>ei</span> <span class='ocrx_word' id='word_1_293' title='bbox 796 2525 872 2560; x_wconf 82' lang='lat' dir='ltr'>fnisset</span> <span class='ocrx_word' id='word_1_294' title='bbox 888 2527 985 2571; x_wconf 88' lang='lat' dir='ltr'>impossi-</span> 
     </span>
     <span class='ocr_line' id='line_1_35' title="bbox 131 2581 987 2629; baseline -0.002 -9"><span class='ocrx_word' id='word_1_295' title='bbox 131 2585 180 2627; x_wconf 86' lang='lat' dir='ltr'>hile,</span> <span class='ocrx_word' id='word_1_296' title='bbox 196 2593 245 2619; x_wconf 87' lang='lat' dir='ltr'>cum</span> <span class='ocrx_word' id='word_1_297' title='bbox 254 2584 396 2629; x_wconf 71' lang='lat' dir='ltr'>mutatlonem</span> <span class='ocrx_word' id='word_1_298' title='bbox 405 2584 498 2620; x_wconf 89' lang='lat' dir='ltr'>auctoris</span> <span class='ocrx_word' id='word_1_299' title='bbox 508 2582 690 2626; x_wconf 77' lang='lat' dir='ltr'>dispensationum</span> <span class='ocrx_word' id='word_1_300' title='bbox 699 2591 725 2616; x_wconf 84' lang='lat' dir='ltr'>ex</span> <span class='ocrx_word' id='word_1_301' title='bbox 734 2581 824 2626; x_wconf 88' lang='lat' dir='ltr'>simplici</span> <span class='ocrx_word' id='word_1_302' title='bbox 834 2584 987 2619; x_wconf 78' lang='lat' dir='ltr'>consuetudIne</span> 
     </span>
     <span class='ocr_line' id='line_1_36' title="bbox 133 2638 988 2686; baseline 0 -11"><span class='ocrx_word' id='word_1_303' title='bbox 133 2641 231 2686; x_wconf 81' lang='lat' dir='ltr'>eprIcet.</span> <span class='ocrx_word' id='word_1_304' title='bbox 250 2640 400 2676; x_wconf 81' lang='lat' dir='ltr'>Thornassinus</span> <span class='ocrx_word' id='word_1_305' title='bbox 411 2640 497 2677; x_wconf 83' lang='lat' dir='ltr'>videtur</span> <span class='ocrx_word' id='word_1_306' title='bbox 508 2639 621 2674; x_wconf 76' lang='lat' dir='ltr'>admittere</span> <span class='ocrx_word' id='word_1_307' title='bbox 640 2638 672 2672; x_wconf 80' lang='lat' dir='ltr'>lus</span> <span class='ocrx_word' id='word_1_308' title='bbox 687 2638 842 2682; x_wconf 76' lang='lat' dir='ltr'>amplIsslmum</span> <span class='ocrx_word' id='word_1_309' title='bbox 855 2639 920 2681; x_wconf 76' lang='lat' dir='ltr'>tuisse</span> <span class='ocrx_word' id='word_1_310' title='bbox 933 2640 988 2684; x_wconf 89' lang='lat' dir='ltr'>epis-</span> 
     </span>
     <span class='ocr_line' id='line_1_37' title="bbox 133 2689 989 2743; baseline -0.004 -10"><span class='ocrx_word' id='word_1_311' title='bbox 133 2706 236 2743; x_wconf 86' lang='lat' dir='ltr'>coporum</span> <span class='ocrx_word' id='word_1_312' title='bbox 247 2697 311 2732; x_wconf 88' lang='lat' dir='ltr'>etiam</span> <span class='ocrx_word' id='word_1_313' title='bbox 320 2707 373 2735; x_wconf 89' lang='lat' dir='ltr'>saec.</span> <span class='ocrx_word' id='word_1_314' title='bbox 387 2698 425 2741; x_wconf 69' lang='grc' dir='ltr'>ΙΧ,</span> <span class='ocrx_word' id='word_1_315' title='bbox 437 2706 487 2732; x_wconf 88' lang='lat' dir='ltr'>curn</span> <span class='ocrx_word' id='word_1_316' title='bbox 500 2695 570 2731; x_wconf 89' lang='lat' dir='ltr'>dicat:</span> <span class='ocrx_word' id='word_1_317' title='bbox 581 2709 588 2727; x_wconf 72' lang='lat' dir='ltr'>u</span> <span class='ocrx_word' id='word_1_318' title='bbox 599 2689 738 2739; x_wconf 82' lang='lat' dir='ltr'>Temporibus</span> <span class='ocrx_word' id='word_1_319' title='bbox 751 2695 817 2731; x_wconf 84' lang='lat' dir='ltr'>Caroli</span> <span class='ocrx_word' id='word_1_320' title='bbox 837 2696 908 2740; x_wconf 83' lang='lat' dir='ltr'>Magni</span> <span class='ocrx_word' id='word_1_321' title='bbox 921 2698 942 2731; x_wconf 80' lang='lat' dir='ltr'>er</span> <span class='ocrx_word' id='word_1_322' title='bbox 956 2706 989 2730; x_wconf 55' lang='lat' dir='ltr'>ree</span> 
     </span>
     <span class='ocr_line' id='line_1_38' title="bbox 132 2751 988 2800; baseline -0.002 -10"><span class='ocrx_word' id='word_1_323' title='bbox 132 2754 233 2800; x_wconf 83' lang='lat' dir='ltr'>gnatricis</span> <span class='ocrx_word' id='word_1_324' title='bbox 252 2752 398 2789; x_wconf 78' lang='lat' dir='ltr'>eiustanilliae</span> <span class='ocrx_word' id='word_1_325' title='bbox 412 2762 461 2788; x_wconf 88' lang='lat' dir='ltr'>usos</span> <span class='ocrx_word' id='word_1_326' title='bbox 476 2762 519 2787; x_wconf 84' lang='lat' dir='ltr'>esse</span> <span class='ocrx_word' id='word_1_327' title='bbox 532 2752 554 2786; x_wconf 86' lang='lat' dir='ltr'>in</span> <span class='ocrx_word' id='word_1_328' title='bbox 569 2751 709 2796; x_wconf 89' lang='lat' dir='ltr'>dispensando</span> <span class='ocrx_word' id='word_1_329' title='bbox 733 2760 771 2787; x_wconf 80' lang='lat' dir='ltr'>sua</span> <span class='ocrx_word' id='word_1_330' title='bbox 796 2752 866 2795; x_wconf 86' lang='lat' dir='ltr'>prisca</span> <span class='ocrx_word' id='word_1_331' title='bbox 879 2753 988 2795; x_wconf 86' lang='lat' dir='ltr'>potestate</span> 
     </span>
     <span class='ocr_line' id='line_1_39' title="bbox 133 2807 987 2856; baseline -0.002 -11"><span class='ocrx_word' id='word_1_332' title='bbox 133 2811 243 2856; x_wconf 88' lang='lat' dir='ltr'>episcopos</span> <span class='ocrx_word' id='word_1_333' title='bbox 252 2809 299 2843; x_wconf 89' lang='lat' dir='ltr'>turn</span> <span class='ocrx_word' id='word_1_334' title='bbox 313 2810 404 2855; x_wconf 81' lang='lat' dir='ltr'>singulos</span> <span class='ocrx_word' id='word_1_335' title='bbox 418 2811 466 2845; x_wconf 88' lang='lat' dir='ltr'>tum</span> <span class='ocrx_word' id='word_1_336' title='bbox 480 2809 580 2853; x_wconf 87' lang='lat' dir='ltr'>synodice</span> <span class='ocrx_word' id='word_1_337' title='bbox 589 2808 726 2852; x_wconf 83' lang='lat' dir='ltr'>congregatos</span> <span class='ocrx_word' id='word_1_338' title='bbox 736 2820 750 2843; x_wconf 73' lang='lat' dir='ltr'>s.</span> <span class='ocrx_word' id='word_1_339' title='bbox 767 2807 859 2843; x_wconf 86' lang='lat' dir='ltr'>Contra:</span> <span class='ocrx_word' id='word_1_340' title='bbox 870 2808 987 2852; x_wconf 74' lang='lat' dir='ltr'>Srrncnnn,</span> 
     </span>
     <span class='ocr_line' id='line_1_40' title="bbox 132 2861 990 2916; baseline -0.005 -13"><span class='ocrx_word' id='word_1_341' title='bbox 132 2877 150 2904; x_wconf 90' lang='lat' dir='ltr'>o.</span> <span class='ocrx_word' id='word_1_342' title='bbox 165 2875 189 2908; x_wconf 68' lang='lat' dir='ltr'>a,</span> <span class='ocrx_word' id='word_1_343' title='bbox 203 2875 224 2910; x_wconf 89' lang='lat' dir='ltr'>p.</span> <span class='ocrx_word' id='word_1_344' title='bbox 239 2864 270 2901; x_wconf 77' lang='lat'>97.</span> <span class='ocrx_word' id='word_1_345' title='bbox 284 2866 343 2908; x_wconf 79' lang='lat' dir='ltr'>Quod</span> <span class='ocrx_word' id='word_1_346' title='bbox 358 2867 423 2902; x_wconf 84' lang='lat' dir='ltr'>etlam</span> <span class='ocrx_word' id='word_1_347' title='bbox 439 2873 500 2909; x_wconf 81' lang='lat' dir='ltr'>aegre</span> <span class='ocrx_word' id='word_1_348' title='bbox 515 2864 649 2909; x_wconf 86' lang='lat' dir='ltr'>componitur</span> <span class='ocrx_word' id='word_1_349' title='bbox 664 2873 713 2898; x_wconf 88' lang='lat' dir='ltr'>curn</span> <span class='ocrx_word' id='word_1_350' title='bbox 728 2864 790 2899; x_wconf 80' lang='lat' dir='ltr'>textu</span> <span class='ocrx_word' id='word_1_351' title='bbox 805 2864 871 2907; x_wconf 89' lang='lat' dir='ltr'>ipsius</span> <span class='ocrx_word' id='word_1_352' title='bbox 887 2861 990 2916; x_wconf 61' lang='lat' dir='ltr'>Triones]</span> 
     </span>
     <span class='ocr_line' id='line_1_41' title="bbox 132 2922 780 2972; baseline -0.008 -13"><span class='ocrx_word' id='word_1_353' title='bbox 132 2932 184 2965; x_wconf 79' lang='lat' dir='ltr'>suu,</span> <span class='ocrx_word' id='word_1_354' title='bbox 202 2922 215 2958; x_wconf 87' lang='lat' dir='ltr'>l.</span> <span class='ocrx_word' id='word_1_355' title='bbox 231 2931 254 2964; x_wconf 75' lang='lat' dir='ltr'>c,</span> <span class='ocrx_word' id='word_1_356' title='bbox 268 2930 289 2957; x_wconf 86' lang='lat' dir='ltr'>n.</span> <span class='ocrx_word' id='word_1_357' title='bbox 297 2923 316 2958; x_wconf 87' lang='lat'>3.</span> <span class='ocrx_word' id='word_1_358' title='bbox 778 2970 780 2972; x_wconf 59' lang='lat'>.</span> 
     </span>
    </p>

    <p class='ocr_par' dir='ltr' id='par_1_13' title="bbox 160 2975 1078 3031">
     <span class='ocr_line' id='line_1_42' title="bbox 160 2975 1078 3031; baseline 0 -18"><span class='ocrx_word' id='word_1_359' title='bbox 160 2977 190 3031; x_wconf 77' lang='grc'>(5)</span> <span class='ocrx_word' id='word_1_360' title='bbox 206 2975 304 3015; x_wconf 87' lang='lat' dir='ltr'>Pluribus</span> <span class='ocrx_word' id='word_1_361' title='bbox 315 2978 370 3017; x_wconf 76' lang='lat' dir='ltr'>enim</span> <span class='ocrx_word' id='word_1_362' title='bbox 379 2979 402 3015; x_wconf 81' lang='lat' dir='ltr'>in</span> <span class='ocrx_word' id='word_1_363' title='bbox 411 2977 470 3024; x_wconf 84' lang='lat' dir='ltr'>locis,</span> <span class='ocrx_word' id='word_1_364' title='bbox 482 2979 512 3018; x_wconf 80' lang='lat' dir='ltr'>att</span> <span class='ocrx_word' id='word_1_365' title='bbox 525 2976 648 3015; x_wconf 82' lang='lat' dir='ltr'>Hrnscuius</span> <span class='ocrx_word' id='word_1_366' title='bbox 661 2986 679 3015; x_wconf 84' lang='lat' dir='ltr'>o.</span> <span class='ocrx_word' id='word_1_367' title='bbox 690 2985 714 3021; x_wconf 78' lang='lat' dir='ltr'>e,</span> <span class='ocrx_word' id='word_1_368' title='bbox 725 2976 742 3014; x_wconf 82' lang='lat' dir='ltr'>t.</span> <span class='ocrx_word' id='word_1_369' title='bbox 756 2975 828 3024; x_wconf 66' lang='lat' dir='ltr'>1le³</span> <span class='ocrx_word' id='word_1_370' title='bbox 841 2976 880 3028; x_wconf 76' lang='lat'>687</span> <span class='ocrx_word' id='word_1_371' title='bbox 896 2985 928 3024; x_wconf 82' lang='lat' dir='ltr'>sq,</span> <span class='ocrx_word' id='word_1_372' title='bbox 941 2987 990 3019; x_wconf 51' lang='lat' dir='ltr'>cons</span> <span class='ocrx_word' id='word_1_373' title='bbox 1017 3022 1019 3026; x_wconf 72' lang='lat'>.</span> <span class='ocrx_word' id='word_1_374' title='bbox 1076 2989 1078 2992; x_wconf 93' lang='lat'>·</span> 
     </span>
    </p>
   </div>
   <div class='ocr_carea' id='block_1_4' title="bbox 0 0 1111 3277">
    <p class='ocr_par' dir='ltr' id='par_1_14' title="bbox 0 0 1111 3277">
     <span class='ocr_line' id='line_1_43' title="bbox 0 0 1111 3277; baseline 0 0"><span class='ocrx_word' id='word_1_375' title='bbox 0 0 1111 3277; x_wconf 95' lang='lat' dir='ltr'> </span> 
     </span>
    </p>
   </div>
  </div>
 </body>
</html>
