2182 3277
122 209 165 255 220
262 223 295 253 116
307 222 547 255 nrserrnsarronruus
561 212 625 254 611111
638 224 835 255 6666616115166

120 334 144 372 61
158 330 314 377 confirmatur
329 331 357 374 ah
372 331 526 380 Hosrrnnsr;
541 334 649 378 attamen
663 333 845 380 conclusionem,
859 330 906 386 qua
920 330 992 375 inno·
1026 380 1028 382 ,
1083 362 1084 365 ¹

122 398 213 441 centius
225 398 342 446 monacho
355 411 457 453 quocum
470 393 638 451 dispensatum
646 399 727 441 iuerat
736 400 761 441 in
773 399 855 442 ordine
867 399 896 441 ad
907 397 991 440 matri·
1083 390 1084 393 ’

121 464 228 506 monium
245 464 435 508 contrahendum
453 466 613 518 denegaverat
628 466 665 507 ius
680 466 778 518 petendi
795 464 912 525 (1611111611,
929 463 991 505 Hos-

119 530 203 574 tiensis
214 530 291 579 reicit,
305 543 331 572 eo
346 532 416 585 quod,
431 534 458 573 ut
472 531 538 579 dicit,
551 522 731 574 matrimonium
744 531 878 574 claudicare
890 527 937 573 n'on
951 530 990 571 de-

119 596 161 637 het
173 596 214 650 (1).
227 597 274 639 Eos
284 598 392 651 sequitur
402 592 648 647 iounuusnno'uuuu,
657 598 698 652 qui
706 598 776 641 simul
782 598 850 640 reicit
858 596 993 639 distinctio-

119 675 180 712 nem,
196 677 244 717 qua
259 663 281 706 S.
297 664 401 707 Thomas
415 658 509 707 dixerat
523 668 608 708 votum
623 666 742 709 adnexum
767 664 844 707 ordini
858 676 923 706 sacro
940 675 989 705 esse

120 729 287 783 dispensabile,
303 731 363 773 illud
380 734 459 775 autent
476 732 541 785 quod
557 735 592 774 est
608 732 728 775 adnexum
743 732 838 785 regulae
853 728 988 775 monachali

119 809 169 839 esse
179 797 365 850 indispensahile
376 796 417 852 (2).
434 814 435 817 ¹
751 810 752 813 ’

151 862 310 905 Communiier
327 863 423 916 proinde
442 863 488 904 inm
507 863 620 904 receditur
639 876 652 904 α
670 864 775 905 doctrine
793 863 906 912 severiori,
927 874 988 916 quae

117 930 217 975 tenebat
232 933 318 972 votum
336 930 455 972 castitatis
472 942 502 971 ex
517 932 604 972 natura
620 943 663 981 sua
681 929 794 983 dirimere
805 924 995 973 matrimonium

117 1001 141 1038 et
152 997 205 1038 ideo
219 1010 269 1039 esse
280 995 466 1049 indispensahile
479 994 521 1049 (3).
535 995 664 1040 Deducunt
677 996 739 1039 enim
750 997 801 1039 vim
812 996 865 1037 voti
876 994 988 1039 irritandi
1000 1002 1008 1017 ³
1032 997 1034 1000 ’

115 1063 297 1107 matrimonium
311 1075 340 1104 ex
352 1062 403 1103 iure
416 1062 521 1115 positivo
536 1064 559 1102 et
572 1062 672 1115 proinde
685 1062 817 1115 generatim
841 1063 927 1103 votum
941 1061 988 1102 dis·
1017 1105 1018 1108 ,

115 1129 237 1183 pensabile
253 1128 430 1182 11661616111(4).
447 1127 532 1179 Quoad
546 1127 717 1181 obligationem
731 1128 789 1171 iuris
804 1128 920 1171 naturalis
934 1127 987 1169 red-

116 1196 188 1238 dendi
204 1195 253 1237 Deo
269 1191 451 1249 votafarguunt
463 1195 503 1236 uel
516 1206 567 1236 eam
580 1205 627 1239 non
641 1194 737 1237 obstare
749 1195 894 1248 plenitudini
906 1198 987 1247 potes-

114 1263 180 1305 tatis
188 1262 217 1304 R.
231 1260 367 1310 Pontificio,
382 1262 424 1315 qui
438 1265 462 1304 et
477 1262 524 1303 alia
536 1261 627 1304 maiora
640 1263 772 1304 contraius
786 1261 896 1304 naturale
908 1260 987 1303 iacere
1013 1293 1015 1295 -

115 1332 198 1386 potest
209 1327 250 1382 (5).
262 1328 360 1370 1611616
371 1328 492 1381 explicant
502 1339 544 1381 per
553 1328 683 1381 quamdam
692 1327 917 1380 interpretationem
926 1326 985 1369 iuris

116 1396 200 1444 elluini,
217 1396 275 1449 quia
290 1405 375 1447 nempe
392 1406 460 1438 omne
476 1396 562 1436 votum
578 1397 663 1438 tenent
680 1396 707 1435 111
723 1395 797 1436 tacite
815 1394 985 1437 conditionale.
1011 1423 1013 1426 .

146 1461 182 1504 ii).
201 1461 259 1503 Cum
275 1461 321 1505 hec
338 1461 447 1504 doctrina
463 1462 492 1501 de
510 1460 688 1512 dispensatione
704 1461 755 1502 voti
771 1460 858 1504 intime
875 1458 986 1502 cohaeret

69 1508 73 1521 ἲ
114 1529 208 1570 theoria
226 1528 254 1569 de
271 1529 393 1580 potestate
412 1526 566 1579 dispensandi
587 1526 610 1566 in
630 1525 766 1575 1166616616,
786 1540 827 1568 seu
845 1529 873 1568 111
890 1527 984 1580 saepius
1082 1564 1084 1567 .

113 1595 177 1648 apud
196 1594 332 1640 canonistas
352 1592 446 1642 dieitur,
465 1594 490 1635 in
510 1595 667 1636 sacramento.
688 1592 768 1642 Porro,
789 1596 816 1634 111
834 1604 905 1647 supra
925 1592 985 1634 dixi-

111 1651 164 1704 mus
176 1659 217 1714 (e),
233 1659 292 1703 haec
306 1658 410 1701 facultas
425 1659 454 1702 ab
470 1657 626 1711 Huguecione
641 1661 744 1712 nega-rur
758 1659 889 1703 secundum
903 1670 982 1713 quem,

110 1729 172 1774 teste
184 1726 306 1774 Tancredo
318 1739 323 1769 1
335 1740 343 1763 e
355 1725 434 1769 onmia
444 1725 497 1767 iura
510 1737 570 1779 quae
583 1725 666 1769 dicunt
676 1724 769 1778 Papam
780 1720 984 1778 posseahsolvere

138 1919 169 1966 (1)
184 1922 330 1964 HOSTIENSIS,
341 1921 438 1965 Lectum,
450 1922 478 1966 gl.
491 1923 520 1960 ad
531 1932 552 1958 u.
565 1922 653 1965 6616666,
667 1932 684 1958 c.
697 1921 716 1965 6,
729 1921 756 1958 X.
771 1922 801 1956 De
814 1923 880 1963 stein,
894 1921 935 1964 ΙΙΙ,
947 1921 981 1958 35.

110 1978 169 2015 Nota
182 1978 273 2013 Petrum
285 1979 434 2017 Lomhardum
447 1979 505 2013 idem
520 1979 605 2015 dixisse.
620 1980 650 2014 Et
662 1979 685 2014 in
698 1979 762 2012 textu
776 1979 843 2015 citato
859 1978 981 2014 Hostiensis

88 2033 90 2035 ’
110 2034 211 2072 affirmat
227 2034 333 2071 Iacohunr
350 2036 375 2069 de
390 2036 495 2079 Albenga,
515 2036 626 2070 dominum
642 2044 706 2070 sunm
721 2035 799 2069 «cuius
816 2029 849 2068 est
863 2035 913 2070 tota
927 2035 982 2072 haee

109 2091 198 2134 glossa»
214 2092 273 2126 idem
289 2092 370 2127 tenere.

139 2146 169 2191 (2)
185 2147 276 2183 Nouello
288 2156 360 2183 comm.
374 2149 396 2182 in
409 2147 504 2189 Senium,
517 2148 545 2191 gh
558 2148 587 2182 ad
598 2155 641 2191 reg.
655 2147 708 2182 iuris
722 2146 754 2188 51,
768 2147 832 2182 semel
845 2147 903 2188 Dco;
917 2147 939 2180 et
951 2147 980 2182 ad

109 2212 126 2238 o.
139 2203 158 2245 6,
169 2203 196 2247 X,
210 2203 251 2247 ΙΙΙ,
262 2204 295 2240 35.
308 2203 334 2239 Iu
343 2217 350 2235 1
362 2203 530 2246 Quaestionibus
540 2215 547 2234 1
566 2201 754 2238 incommenterio
766 2212 803 2237 suo
815 2211 880 2247 super
889 2203 980 2238 Sextum

108 2260 191 2304 optime
201 2260 295 2305 apparet
305 2260 440 2304 quantopere
452 2258 481 2294 10.
493 2258 592 2296 Andreae
603 2259 694 2295 subierit
703 2258 812 2294 iniluxum
822 2258 980 2303 theologorum.

106 2316 141 2351 Ad
151 2317 240 2351 modum
250 2316 402 2359 theologorum
412 2315 526 2352 enumerat
534 2316 594 2359 prius
604 2316 676 2352 vanas
685 2315 780 2352 rationes
791 2324 846 2359 quae
856 2316 980 2360 quaestioni

104 2373 190 2415 tavent,
204 2373 282 2409 deinde
294 2380 350 2416 quae
362 2372 449 2408 obstare
461 2372 571 2407 videntur.
584 2372 614 2407 Et
626 2372 703 2406 ultimo
718 2377 781 2417 saepe
794 2372 860 2407 solvit
872 2372 981 2416 quaestio·
1034 2422 1036 2425 .

105 2438 156 2465 nem
166 2430 248 2465 utendo
259 2430 325 2465 textu
335 2428 356 2464 S.
368 2428 470 2466 Thornae,
483 2427 518 2464 Ita
527 2429 550 2463 in
561 2437 611 2463 casu
624 2428 636 2464 l.
648 2439 665 2465 c.
676 2429 708 2466 aii
719 2437 722 2461 :
734 2442 741 2460 1
751 2428 857 2465 Solutio...
869 2429 981 2473 ampliatis

104 2487 177 2522 uerbis
192 2495 241 2521 cum
255 2487 276 2522 S.
290 2486 374 2522 Thoma
387 2485 410 2518 61
422 2484 530 2528 theologis
544 2485 648 2521 dicamus.
665 2484 690 2520 In
703 2486 755 2520 voto
770 2484 921 2520 continentiae
936 2486 981 2521 tria

103 2542 251 2581 considerari:
264 2542 312 2579 voti
325 2541 447 2584 materiam,
461 2541 506 2578 scil.
521 2541 694 2581 continentiam
708 2542 810 2584 secundo,
823 2542 891 2586 ipsius
903 2550 980 2587 perpe-

103 2601 217 2641 tuitatem,
228 2600 295 2635 tertio
307 2599 376 2643 ipsius
388 2598 582 2640 solemnitatem„
595 2599 617 2632 61
628 2598 692 2634 addit
703 2598 776 2632 totum
788 2599 875 2632 textum
888 2600 928 2636 art.
943 2599 978 2642 11,

106 2655 284 2757 Π13Ι)Ι’1)ῗ6ῗ18166
298 2709 401 2755 opposita
415 2709 458 2747 iarn
474 2709 522 2745 erat
532 2710 585 2745 nota
599 2709 708 2754 prioribus
725 2708 882 2751 Decretalistis,
898 2711 921 2744 at
936 2721 980 2747 non

103 2769 206 2812 admissa,
219 2769 244 2804 ut
255 2768 320 2814 patet
332 2774 358 2801 ex
374 2766 438 2801 textu
450 2765 753 2809 36116111116616116661616,
766 2776 839 2812 supra,
851 2775 872 2810 p.
887 2765 931 2803 131.

130 2825 161 2870 (4)
177 2825 229 2861 Dico
240 2823 356 2868 peneroiim
368 2823 419 2866 quia
429 2822 567 2866 exceptiones
576 2823 640 2858 erunt
647 2823 759 2858 notandae
769 2831 808 2868 pro
820 2823 884 2857 certis
895 2822 978 2858 theolo-

103 2883 123 2909 0·
405 2876 409 2883 '
564 2892 565 2897 .

102 2890 162 2983 ”Isim
178 2936 209 2972 Gi.
223 2936 376 2971 Innocentius
389 2934 425 2977 IV,
439 2935 451 2971 l.
463 2945 479 2970 c.

129 2993 161 3041 (ὃ)
177 2993 209 3030 Gi.
224 3000 297 3037 supra,
310 3000 332 3036 p.
348 2990 393 3028 130.
