2182 3277
131 208 174 256 104
295 222 328 251 DE
339 206 573 251 nrspnnsnrronrssus
585 220 650 251 arur>
661 221 827 253 necnerrsrns

130 329 194 385 poris
206 328 292 388 duplici
304 338 373 371 seusu
384 322 575 384 intelligebatur:
587 330 626 373 vel
638 330 665 371 de
676 329 728 384 ipsa
741 331 816 388 cordis
829 321 979 386 contritione,

130 387 169 442 ’uel
182 387 215 438 de¹
223 395 384 442 satisfactione
397 395 546 454 poenitentis,
562 396 596 439 De
610 398 652 444 hae
666 396 752 440 ultima
765 399 837 452 uulgo
853 397 976 440 dicebatur

130 462 231 517 aliquem
246 461 360 521 accepisse
375 461 545 521 poenitentiam
559 477 573 506 a
586 465 714 513 sacerdote,
729 463 743 507 i.
760 478 777 507 e.
799 465 897 508 modum
910 463 980 506 'satiss

130 528 246 572 factionis.
263 528 428 572 Definiebatur
444 528 574 572 satisfactio
592 544 632 588 pro
651 530 779 574 commissis
796 532 924 575 secuudum
942 544 978 573 ar-

130 595 228 642 bitrium
243 595 371 638 sacerdotis
382 595 422 650 (1).
440 596 467 639 ln
482 596 526 638 hac
542 595 615 639 etiam
628 598 801 652 >concedebatur
817 596 977 655 poenitentiae

129 661 241 705 relaxatio
259 663 299 705 vel
316 661 466 716 dispensatio.
501 662 580 706 Poena
598 677 610 704 e
628 667 709 706 contra
728 664 849 707 dicebatur
866 662 980 707 iudicialis

130 728 253 788 retributio
268 743 309 787 pro
324 733 429 787 peccato,
444 729 482 772 vel
496 729 627 772 satisfactio
642 729 722 772 delicti
734 730 774 785 (2).

161 796 257 840 Summa
278 796 424 842 Monacensis
435 796 475 850 (3),
500 795 609 838 Sicardus
632 796 799 847 Cremonensis,
822 797 864 855 qui
886 798 915 839 ab
937 796 979 841 illa

132 862 215 910 intime
229 865 339 917 pendent,
356 866 379 913 et
395 864 489 906 Summa
503 862 638 920 Lipsiensis,
655 875 715 920 quae
729 864 797 917 plura
812 863 875 908 dicta
890 861 982 906 Sicardi

130 929 208 979 refert,
226 929 286 972 inter
304 929 403 971 effectus
421 929 601 986 dispensationis
619 934 802 975 commemorant
818 929 980 973 remissionem

131 1008 219 1052 poenae
235 995 341 1039 inflictae
359 995 399 1037 vel
414 995 555 1049 infligendae
567 994 608 1048 (4).
628 995 692 1037 Haec
712 995 778 1038 addit
797 996 894 1039 Summa
913 995 981 1038 Colo-

131 1060 231 1107 niensis:
244 1078 252 1100 o
262 1061 292 1104 fit
304 1060 491 1116 frequentissime
504 1061 646 1118 dispensatio
659 1061 720 1104 circa
731 1062 807 1116 legum
816 1061 981 1105 adnimadver-

129 1127 213 1177 siones,
225 1128 280 1183 quia
294 1141 385 1183 poenae>
398 1128 536 1171 molliendae
552 1132 615 1178 sunt,
630 1142 677 1172 non
692 1130 873 1186 exasperandae.
884 1129 928 1170 Est
941 1141 982 1171 au·
1001 1129 1003 1132 ’

130 1200 179 1238 tem
193 1194 217 1238 in
226 1194 309 1238 iudicis
326 1198 444 1249 potestate
461 1193 550 1238 mollire
567 1194 715 1244 sententiam,
741 1200 765 1238 et
781 1194 863 1239 mitius
879 1195 982 1239 iudicare

131 1274 203 1317 quam
220 1262 279 1316 leges
289 1277 299 1301 »
309 1261 350 1316 (5).

162 1328 292 1372 Huoucero
308 1327 483 1372 distinctionem
497 1327 558 1371 inter
573 1328 754 1378 absolutionem,
770 1328 940 1384 poenitentiam
957 1332 981 1371 et

132 1395 330 1450 dispensationem
341 1395 401 1438 clare
412 1395 528 1450 proponit.
541 1395 705 1439 Commentans
716 1399 810 1439 textum
822 1395 978 1440 IoannisVIlI

132 1461 259 1507 statuentis
289 1463 433 1505 sacerdotem
447 1460 590 1505 homicidam
605 1464 718 1516 perpetuo
734 1464 852 1505 remanere
866 1460 979 1515 irregula-

131 1541 180 1572 rem
194 1528 266 1572 etiam
279 1531 334 1583 post
349 1532 564 1582 quantamcumque
577 1527 757 1582 poenitentiam,
783 1527 884 1582 inquirit
898 1532 979 1572 utrum
1040 1558 1043 1561 «

131 1607 184 1638 cum
195 1594 238 1638 tali
249 1595 334 1637 debeat
345 1594 481 1653 dispensari,
492 1593 512 1636 si
522 1594 610 1639 habeat
620 1597 714 1637 tantam
725 1593 891 1638 contritionem
907 1595 985 1637 cordis

131 1675 171 1707 seu
185 1660 363 1715 poenitentiam,
380 1665 493 1715 quantam
508 1659 561 1714 quis
575 1661 659 1707 hahere
674 1664 753 1714 potest
762 1661 790 1704 >in
804 1662 848 1703 hac
862 1660 920 1703 vita.
944 1661 981 1703 Ad

131 1718 266 1783 negativam
282 1726 424 1771 sententiam
438 1726 544 1776 inclinat,
562 1726 619 1781 quia
634 1726 763 1770 «contritio
781 1726 857 1770 cordis
872 1727 911 1769 vel
926 1741 981 1781 poe·
1033 1766 1039 1770 .

131 1794 232 1839 nitentia
243 1807 290 1838 non
302 1797 337 1835 est
348 1806 419 1836 causa
430 1792 619 1853 dispensationis,
631 1792 686 1835 lieet
696 1792 789 1835 facilius
799 1798 857 1836 tunc
869 1794 983 1836 conceda-

130 1865 177 1908 tur,
194 1859 350 1910 Poenitentia,
366 1860 434 1909 enim,
451 1859 495 1903 etsi
510 1864 634 1914 peccatum
649 1860 782 1910 absorbeat,
798 1874 845 1903 non
860 1860 980 1906 tamenin

132 1927 258 1989 pristinum
275 1930 366 1971 statum
383 1926 494 1976 restituit,
514 1939 553 1969 seu
571 1927 647 1971 aufert
663 1926 878 1985 irregularitatem»
890 1926 929 1981 (6),
948 1927 983 1969 Et

159 2138 189 2183 (1)
204 2137 234 2173 Cf.
245 2126 444 2172 Summuranum
452 2135 571 2179 Pupicnsis,
582 2136 609 2169 ad
622 2135 631 2177 ξ
641 2134 659 2176 1,
670 2134 704 2170 tit.
716 2133 748 2176 33,
759 2134 783 2176 V,
793 2143 814 2177 p.
826 2133 872 2169 269.

161 2194 191 2238 (2)
207 2194 236 2229 Cf.
254 2192 310 2234 ibid,
326 2200 346 2235 p.
363 2192 410 2227 264.
542 2191 543 2194 ’
610 2196 611 2199 ’
720 2187 725 2196 “”
797 2189 799 2194 '

160 2250 190 2294 (3)
206 2250 255 2285 Cod.
265 2245 348 2285 ms‘ss‘en.
358 2248 393 2284 fol.
404 2248 442 2291 16³,
452 2247 489 2283 col.
500 2247 548 2281 2ad
557 2247 578 2282 C.
590 2246 606 2289 Ι,
616 2256 635 2291 q.
644 2246 662 2281 7.
672 2258 680 2277 o
689 2246 738 2281 Tria
747 2246 803 2287 sunt,
812 2245 834 2280 in
843 2245 920 2290 quihus
943 2247 984 2281 dis-

132 2305 252 2354 pensatorie
272 2305 348 2348 agitur.
377 2304 432 2339 Nam
443 2304 481 2342 aut
492 2312 548 2347 pena
558 2302 675 2338 remittitur
687 2302 731 2338 sive
742 2301 852 2344 minuitur,
873 2303 983 2340 autusur-

131 2365 208 2410 patum
218 2361 347 2403 conceditur,
369 2362 408 2398 aut
418 2362 474 2405 quod
483 2360 616 2404 prohibitum
626 2360 657 2394 est
666 2359 804 2403 permittitur,
823 2359 844 2393 et
854 2359 894 2393 hoc
903 2360 942 2395 aut
951 2368 984 2396 ra-

125 2421 189 2466 tione
197 2428 285 2465 persone
292 2418 331 2456 aut
338 2417 419 2453 intuitu
427 2416 510 2462 publice
519 2417 646 2452 honestatis.
653 2428 660 2447 ³>

159 2477 189 2521 (a)
201 2467 234 2517 er.
244 2476 306 2519 infra,
314 2484 335 2519 p.
346 2474 391 2510 120.

160 2533 190 2577 (5)
206 2534 254 2569 Cod.
266 2540 304 2570 ms.
316 2531 352 2566 cii.
363 2530 399 2566 fol.
410 2530 442 2566 35.

160 2590 191 2634 (6)
206 2589 237 2625 Gl.
247 2590 275 2626 ad
285 2597 301 2624 c.
312 2587 331 2630 4,
343 2587 368 2623 D.
383 2586 418 2622 IV.
429 2596 466 2622 ms.
477 2585 527 2621 bibl.
539 2587 583 2629 nat.
594 2586 658 2621 Paris,
668 2593 689 2620 n.
700 2584 760 2626 3892,
777 2583 813 2619 fol.
825 2583 865 2619 571.
877 2596 884 2615 c
895 2584 956 2627 Quod
968 2583 988 2618 si

133 2647 221 2683 haberet
230 2646 315 2682 tantam
326 2642 497 2689 (poenitentiam)
509 2643 613 2686 quantam
624 2642 670 2686 quis
680 2641 759 2683 habere
768 2641 840 2685 potest
849 2639 871 2674 in
881 2640 922 2678 liac
931 2641 986 2683 vita,

134 2702 219 2744 scilicet,
228 2703 253 2737 ut
262 2703 278 2736 si
287 2701 399 2736 decederet
408 2701 481 2738 statim
490 2699 581 2736 intraret
589 2700 618 2736 ad
627 2698 722 2742 gloriam,
731 2698 756 2732 ut
764 2698 815 2732 lecit
823 2696 877 2733 latro
896 2696 930 2732 vel
940 2697 986 2731 Ste÷

134 2759 224 2804 pharius
239 2758 343 2802 numquid
358 2757 445 2792 deberet
459 2756 577 2800 dispensari
592 2765 639 2790 cum
654 2754 693 2789 eoi
709 2754 758 2788 Non
772 2754 798 2789 ob
813 2752 869 2786 hoc:
885 2752 985 2787 contritio

134 2815 190 2850 enirn
204 2815 270 2849 cordis
282 2813 317 2850 vel
329 2813 462 2858 poenitentia
475 2822 517 2847 non
532 2812 565 2846 est
578 2821 641 2850 causa
655 2810 826 2855 dispensationis,
840 2807 890 2842 licet
903 2809 986 2845 facilius

133 2872 186 2906 tunc
195 2871 327 2915 dispensetur
338 2879 386 2904 cum
396 2870 474 2914 aliquo,
484 2876 528 2912 arg.
540 2868 581 2916 Cf,
593 2868 635 2912 q.7,
645 2867 667 2903 Si
677 2867 724 2910 quis
734 2876 739 2907 3
749 2864 869 2910 penitentia
880 2865 935 2900 enim
946 2864 987 2900 etsi

133 2927 246 2975 peccatum
262 2926 439 2978 absorbeat-non
453 2928 526 2961 tamen
542 2925 563 2960 in
578 2925 692 2978 pristinum
707 2923 789 2966 statum
803 2921 927 2982 restituit...v
937 2929 984 2972 ergo
