2139 3277
293 176 332 211 Dii⁴
341 175 490 214 oEssA‘rmNE
503 174 720 213 DrsPENsAmoimir
909 161 953 211 237

103 280 185 328 licium
199 286 309 343 principis
323 290 389 332 decet
404 303 452 333 esse
465 300 608 333 mansurum.
623 290 655 331 Et
669 289 764 343 quidem
779 288 904 330 dicendum
915 286 952 328 vi-

105 351 174 393 detur
185 365 223 395 eos
235 354 268 396 sie
279 358 382 399 statuere
395 356 527 399 absolutam
540 355 680 397 illiceilotem
703 355 775 396 omnis
785 352 934 395 revocationis
944 365 950 399 ;

105 418 165 459 clare
178 419 239 463 enim
252 420 349 465 dieunt:
362 422 526 475 «dispensatio
539 423 609 474 semel
620 421 685 464 laeta
696 433 744 465 non
759 424 794 463 est
806 419 908 473 amplius
920 431 955 459 re-

103 486 211 528 vocanda
221 503 228 522 n
239 486 279 540 (7),
296 491 319 529 et
334 488 407 531 etiam
423 497 502 531 omnes
517 488 627 531 nituntur
636 490 705 530 textu
715 487 843 531 Alexandri
854 485 899 534 ill,
913 494 956 528 neo

103 549 165 593 inter
176 554 350 597 revocationem
362 566 495 607 expressam
507 557 531 596 et
543 555 642 597 tacitam
654 555 771 597 ullatenus
795 552 955 605 distinguunt.

130 617 186 663 ‘Non
202 620 298 662 solvunt
312 621 474 674 quaestionem
490 624 570 662 utrum
585 622 689 674 superior
704 620 781 663 valide
798 618 956 672 dispensatio-

103 695 156 727 nem
172 688 251 737 posset
266 698 375 729 revocare
392 687 441 729 sine
457 699 534 729 eausa.

133 868 162 914 (7)
177 870 207 906 ct.
219 871 361 914 HosrfflNsrs,
375 873 387 908 l.
400 882 415 908 e.
427 873 453 916 gl.
465 873 493 908 ad
505 883 524 909 v.
536 873 634 909 nolemus
645 883 649 907 t
661 887 668 906 o
677 872 733 916 Ergo
746 870 877 916 dispensatio
889 870 954 904 semel

74 955 81 959 .
104 926 145 960 rite
159 926 223 970 facta,
240 929 295 963 siout
310 930 332 963 et
346 930 436 964 iniuriae
450 929 544 964 remissio
561 939 603 964 non
619 931 651 963 est
666 929 757 975 amplius
771 926 914 964 revocanda...
931 927 953 960 et

106 980 163 1017 Iesus
179 983 283 1022 beneficia
300 993 339 1021 sua
355 985 491 1029 multiplicat,
521 994 560 1020 nec
576 987 685 1023 revocat..
704 986 726 1020 et
742 986 871 1020 heneficium
889 983 951 1017 decet

104 1046 149 1071 esse
160 1048 306 1076 mansurum..
319 1042 356 1075 sed
368 1042 390 1075 et
401 1042 459 1085 quod
470 1042 526 1075 iuste
538 1041 620 1076 iactum
633 1044 665 1076 est
676 1043 807 1079 auctoritate
817 1039 914 1086 pilarum
924 1039 950 1073 lit

102 1095 198 1132 terarum
205 1098 350 1135 revocandum
358 1107 401 1133 non
410 1098 485 1142 estper
494 1099 597 1132 secundas
606 1111 620 1133 s.
631 1098 660 1134 ci.
675 1098 798 1140 Demissis,
809 1098 839 1133 Le.
847 1095 950 1129 Remea

101 1160 145 1185 mis
168 1152 304 1195 mammes,
327 1154 354 1198 gl.
378 1155 423 1190 ord.
448 1155 475 1191 ad
498 1164 519 1190 v.
544 1154 632 1202 irritari,
649 1155 661 1191 l.
686 1165 702 1191 c.
892 1148 893 1151 '
