2139 3277
74 176 76 182 ”
95 175 222 216 nocturna
234 176 512 217 DECRETALISTARUMDE
523 174 851 218 osrucronrsreusn'rrotson
887 162 930 217 225

61 292 125 347 cipio
147 293 296 336 limitationis
315 296 386 338 huius
406 297 543 349 potestatis.
563 295 601 338 Ad
622 295 756 338 doctrinam
778 294 887 337 Gratiani
906 285 932 336 et

60 359 256 411 Decretistarum,
274 375 335 416 quae
350 364 497 415 potestatem
514 363 667 415 dispensandi
683 363 832 406 limitaverat
849 361 932 403 adius

61 428 169 470 naturale
179 429 218 470 vel
228 428 335 472 divinum
350 429 376 471 in
383 429 520 481 praeceptis
530 428 599 481 Legis
610 433 634 471 et
643 428 770 482 Evangelii
781 430 931 475 contentum,

60 506 130 547 saepe
145 494 271 549 alludunt3
286 507 387 548 eamque
400 494 534 538 doctrinam
545 495 635 547 priores
648 494 822 537 Decretalistae
833 504 931 548 genera-

60 560 106 602 tim
122 559 147 602 in
158 561 258 613 praxim
277 562 406 602 deducunt.
425 560 557 613 Praecipua
574 562 636 602 ratio
653 561 725 602 huius
742 561 887 604 mutationis
904 561 930 602 in

62 627 169 671 doctrina
184 627 233 668 tuit
250 625 365 679 lepistotio
382 628 402 667 et
417 627 499 680 pronis
516 625 570 667 RR.
585 626 738 680 Pontificum.
756 626 851 669 Exinde
867 627 931 670 enim

60 693 202 745 posteriores
224 693 397 735 Decretalistae
418 693 491 735 variis
512 693 590 736 modis
613 694 791 745 derogationem
813 693 930 746 principio

59 758 302 813 indispensabilitatis
322 761 476 812 proponunt:
497 760 536 801 uel
558 759 641 803 dicunt
662 755 781 812 quaedam
802 761 932 812 praecepta

62 824 186 878 Evangelii
200 828 224 867 et
236 825 294 867 iuris
308 826 433 879 apostolici
447 838 494 868 non
507 822 557 868 esse
571 826 599 867 de
611 826 662 867 iure
675 825 797 873 naturali3
811 824 851 867 vet
864 824 932 866 altir-

61 895 129 935 mant
141 892 179 933 ius
193 893 303 939 naturale
316 893 341 935 111
356 892 500 946 quibusdam
515 893 649 945 praeceptis
665 892 793 935 admittere
809 892 932 944 dispensa-

61 958 151 1003 tionem
163 959 188 1002 in
200 959 333 1008 indiviudo,
348 972 389 1000 seu
401 960 426 1001 in
440 971 495 1000 casu
508 958 648 1014 particulari
659 971 665 1006 3
678 959 717 1000 vel
730 958 804 1001 etiam
818 960 933 1001 statuunt

60 1023 151 1077 Papam
167 1038 237 1078 posse
253 1035 320 1077 agere
336 1025 470 1067 contraius
486 1025 596 1068 naturale
612 1026 654 1067 aut
670 1025 743 1067 etiam
772 1039 780 1062 «
791 1036 845 1067 eum
861 1036 931 1077 posse

62 1094 145 1132 contra
158 1091 233 1144 legem
248 1091 354 1134 divinam
370 1091 514 1143 dispensare,
529 1089 571 1132 ubi
584 1090 629 1132 hoc
643 1102 690 1134 non
704 1093 741 1132 est
754 1090 903 1144 prohibitum
914 1105 930 1132 1.

61 1156 95 1198 At
107 1158 212 1210 regulam
234 1157 321 1201 claram
335 1169 383 1200 non
395 1157 485 1201 habent
498 1158 583 1199 saltem
597 1159 652 1201 ante
665 1155 825 1205 Hostiensenr,
851 1157 874 1197 et
886 1156 932 1197 hoc

60 1224 121 1273 ideo,
134 1226 162 1265 ut
172 1225 275 1272 videtur,
289 1225 346 1278 quia
357 1224 479 1267 notionem
491 1224 663 1266 accuratiorem
674 1223 732 1264 iuris
745 1222 862 1267 naturalis
873 1233 932 1266 non-

62 1291 118 1332 dum
130 1289 228 1335 hahent.
243 1288 308 1332 Haec
321 1304 335 1332 a
347 1289 471 1342 theologis,
485 1290 626 1343 praesertim
640 1303 653 1332 a
682 1289 704 1331 S.
719 1289 811 1332 Thema
823 1288 931 1332 elabora-

61 1356 143 1404 bitur;
159 1359 183 1398 et
197 1359 281 1410 postea
295 1356 416 1400 intluxum
431 1356 558 1405 exercebit,
575 1357 679 1399 maxime
693 1356 718 1400 in
734 1348 770 1397 Ιο.Ι
784 1355 902 1398 Andreae.

94 1422 160 1463 Duoe
176 1424 251 1464 tomen
266 1422 358 1475 repulue
372 1423 503 1464 traduntur
518 1423 589 1464 huius
604 1422 773 1467 limitationis:
789 1422 867 1475 prima
882 1422 931 1465 iam

62 1491 126 1543 apud
139 1490 229 1543 priores
244 1488 415 1531 Decretalistas
428 1489 553 1541 reperitur,
569 1489 644 1531 altera
659 1488 688 1530 ab
704 1488 829 1534 Hostiensi
843 1500 930 1542 propo-

61 1557 127 1602 nitur
139 1559 162 1598 et
174 1569 188 1598 a
200 1556 234 1598 Io.
245 1555 355 1598 Andreae
367 1556 502 1598 accuratius
515 1556 695 1600 determinatur.

93 1623 114 1664 3.
128 1621 276 1675 Principalis
289 1621 350 1663 lintit
368 1621 407 1671 tio,
431 1634 503 1675 quam
515 1622 632 1676 potestati
644 1621 797 1675 dispensandi
809 1621 934 1674 assignant

61 1690 157 1731 videtur
175 1702 224 1731 esse
242 1687 308 1741 sides,
338 1687 377 1736 Ad
394 1688 457 1732 hanc
475 1688 537 1732 enim
554 1688 723 1733 limitationem
759 1687 934 1730 Decretalistae

13 1794 14 1797 ,
62 1755 179 1808 principia
191 1754 304 1808 rigidiora
316 1754 505 1798 Decretistarum
517 1755 643 1804 reducunt,
657 1765 728 1797 nam:
742 1769 751 1792 c
762 1756 846 1798 contra
857 1753 934 1807 Apos'

62 1822 139 1864 tolum
154 1824 235 1875 potest
250 1821 382 1875 dispensari
397 1821 447 1865 sine
461 1821 565 1863 laesione
578 1823 661 1864 tamen
674 1820 732 1862 iidei
743 1835 752 1858 1)
764 1819 798 1874 (1)
809 1833 816 1868 ;
829 1836 837 1858 u
850 1822 935 1863 contra

62 1891 166 1942 quatuor
191 1887 290 1930 concilia
307 1886 386 1940 priora
411 1888 637 1940 dispensamudum
662 1887 721 1929 nihil
746 1889 830 1929 contra
854 1885 929 1929 iidem

62 1953 109 1997 iiat
118 1970 126 1992 1
138 1953 187 2008 (2);
202 1969 211 1991 u
222 1965 269 1997 non
283 1956 364 2006 potest
379 1950 528 2009 [dispensari]
543 1957 627 1996 contra
640 1953 798 1995 universalem
813 1952 934 1994 Ecclesiae

63 2023 155 2063 statum
171 2020 210 2062 ie.
230 2020 309 2073 quoad
326 2018 385 2060 fidei
403 2018 602 2063 subversionem»
614 2018 664 2075 (3);
683 2030 731 2063 non
749 2022 831 2072 potest
850 2022 934 2062 contra

63 2089 191 2140 praecepta
206 2085 318 2139 Decalogi
334 2086 473 2138 dispensari,
489 2087 620 2129 secundum
635 2085 820 2139 explicationem
836 2084 934 2128 loannis

64 2154 93 2195 de
106 2153 163 2202 Deo,
177 2163 250 2206 quam
263 2161 344 2196 omnes
357 2155 442 2204 postea
453 2155 582 2202 resument,
596 2168 605 2190 <c
617 2152 680 2207 quia,
695 2152 741 2194 etsi
754 2161 802 2199 non
814 2152 864 2195 sint
876 2151 934 2193 arti-

63 2220 123 2269 cula,
138 2223 195 2263 sunt
208 2222 289 2263 tamen
304 2218 443 2261 articularia
456 2218 521 2268 fidei,
535 2218 574 2260 i.e.
588 2219 624 2261 ita
638 2219 732 2262 adnexa
746 2218 854 2260 articulis
867 2216 934 2267 fidei,

65 2286 129 2340 quod
143 2286 192 2329 sine
206 2286 239 2326 eis
253 2285 355 2327 salutem
368 2287 490 2338 praestare
503 2295 552 2330 non
565 2287 667 2338 possunt
676 2301 685 2323 1
698 2284 740 2339 (4).
754 2299 762 2322 c
775 2284 803 2327 In
815 2283 881 2326 votis
894 2295 935 2325 ne-

66 2351 183 2394 cessitatis
196 2361 245 2395 non
257 2353 339 2404 potest
353 2351 485 2404 dispensari
500 2351 614 2406 quiahoc
627 2354 688 2394 esset
702 2351 839 2404 dispensare
853 2352 937 2392 contra

94 2545 124 2590 (1)
140 2544 285 2586 Hoscmusis
296 2538 394 2586 Lecturo,
406 2543 433 2588 gl,
445 2544 506 2580 adv.
518 2544 648 2588 dispensare,
660 2553 677 2581 c.
689 2545 710 2588 4,
722 2544 750 2579 X.
764 2543 794 2578 De
806 2543 937 2578 concessione

64 2600 199 2646 praebendae,
210 2598 252 2641 III,
261 2599 280 2635 8.

92 2657 123 2703 (2)
137 2657 282 2698 Hoscfflusn,
296 2655 394 2699 Lecturo,
410 2649 460 2693 ibid.

98 2713 128 2758 (3)
144 2712 174 2749 Cf.
187 2712 322 2749 Glossatores
333 2713 361 2746 ad
373 2721 390 2748 c.
404 2712 437 2756 13,
449 2711 477 2748 X.
499 2713 530 2747 De
541 2713 676 2748 restitutione
687 2713 835 2758 spoliatorum,
849 2711 891 2755 III,
904 2711 937 2748 13.

72 2768 104 2806 Io.
113 2778 144 2804 nn
155 2770 213 2812 Duo,
224 2778 243 2805 o.
255 2778 279 2812 c.,
290 2770 319 2805 ad
330 2777 347 2804 c.
359 2768 378 2804 2.
390 2768 573 2803 —Iunocuurrus
585 2768 622 2812 IV,
633 2778 650 2805 o.
662 2779 687 2811 c.,
698 2770 726 2805 ad
737 2778 755 2805 c.
767 2768 799 2811 11,
811 2767 840 2805 X.
865 2767 897 2802 De
907 2777 938 2802 reu

59 2848 61 2852 ,
72 2820 215 2869 nuntiatione,
226 2825 243 2867 Ι,
252 2825 271 2861 t).
281 2843 308 2849 —
316 2825 462 2867 Hos'rruusrs,
471 2824 568 2869 Lectum,
579 2835 596 2861 c.
607 2826 626 2868 6,
635 2824 664 2862 X.
675 2825 705 2860 De
714 2826 772 2860 stulu
781 2824 938 2868 monachorum,

74 2881 115 2923 ΙΙΙ,
126 2881 159 2918 35.
171 2879 295 2925 nnanurrs,
306 2891 324 2918 o.
336 2891 360 2923 c.,
374 2882 388 2918 l.
398 2891 423 2925 c.,
437 2881 446 2924 ἕ
458 2881 477 2918 7.

98 2937 128 2982 (1)
145 2936 176 2975 Ιο,
185 2947 216 2972 nu
226 2939 283 2982 Duo,
293 2947 311 2975 o.
321 2948 346 2981 c.,
355 2939 384 2973 ad
393 2947 410 2975 c.
422 2937 440 2974 2.
450 2955 478 2962 —
487 2934 612 2982 Dunau'nm,
621 2947 638 2975 o.
648 2946 673 2980 c.,
685 2938 696 2974 t.
707 2946 723 2974 e.
736 2936 775 2980 §7-
