2139 3277
326 121 461 160 concrusro
482 128 569 159 Pnnrrs
582 128 700 166 qunurarr

106 236 220 289 cessaseu
232 237 313 289 utrum
326 236 438 291 ipsaeius
450 238 562 282 voluntas
576 237 607 290 sit
621 250 693 280 causa
706 235 830 279 sufficiens
837 235 959 289 dispensa·

81 325 85 328 >
105 298 184 348 tidonis.
201 299 327 344 Praeviam
344 314 429 345 causae
446 304 609 356 cognitionem,
628 314 675 349 non
693 303 890 361 qualemcumque
917 304 959 356 sed

14 372 62 425 μ’]
104 358 229 409 iuridieam
241 368 324 410 saltem
336 370 496 418 summariam‚
508 370 577 413 iuxta
587 371 677 424 placita
688 383 731 413 sua
743 371 772 412 de
784 366 959 423 dispensatione

11 425 13 429 ⁴
44 476 46 479 .
62 435 78 468 s
104 433 188 481 tacita,
200 434 230 476 ad
238 433 328 476 licitam
339 435 538 488 dispensationem
548 438 679 491 requirunt,
692 437 711 478 si
723 436 861 490 dispensans
871 447 918 478 non
929 435 961 476 sit

2 509 5 511 ’
29 517 40 545 2
107 494 158 552 ipse
172 499 297 552 legislator.
313 500 476 554 Cognitionem
491 502 594 556 aliquam
607 503 729 556 praeviam
737 505 820 556 postea
830 501 960 545 Concilium

6 587 9 589 ,
36 561 46 584 ³²
65 571 67 573 ’
105 565 269 627 Tridentinrrm
281 567 427 620 praescribet
438 569 461 613 in
475 568 581 613 Sessione
594 568 671 618 XXV,
686 570 718 612 de,
727 567 895 612 reformatione
908 580 960 622 cap.

109 633 143 675 18.

1 707 7 749 j
15 701 20 704 ’
71 726 81 738 ,ν
134 699 194 741 aba
209 697 293 752 lapibus
304 699 329 744 in
342 700 429 754 quibus
443 700 572 754 dispensari
584 701 720 753 possrnfuse
733 704 806 754 agunt
818 700 960 743 Decretalis-

8 772 27 818 vj
80 808 84 811 ,
103 768 151 808 tae.
161 764 286 809 Recedunt
294 780 306 808 a
315 766 465 819 rigidioribus
472 766 593 820 principiis
601 767 796 816 Decretistarum,
806 768 960 810 admittentes

5 854 7 856 ·
106 832 463 885 dispensationempontificiam
470 834 543 876 etiam
550 833 575 877 in
583 833 672 886 iegibus
681 846 743 888 quae
756 834 785 875 ad
794 836 884 876 statum
891 842 959 886 gene-

107 900 183 941 ratem
202 898 319 941 Ecclesiae
338 900 459 952 pertinent
470 900 529 945 etin
541 900 670 944 canonibus
680 903 796 954 quattuor
807 899 959 942 conciliorum
970 897 971 900 ’

29 966 39 1023 ᾖ·
70 1022 72 1024 ‚
108 965 317 1013 oecumenicorum,
331 966 356 1009 in
368 966 397 1008 iis
411 979 470 1020 quae
484 967 514 1009 ad
526 966 600 1008 fidem
613 977 659 1011 non
672 967 800 1020 pertinent,
815 965 898 1017 Quoad
912 965 959 1006 dis-

9 1045 21 1050 *
85 1032 267 1085 >pensationem
276 1032 300 1075 in
308 1032 359 1073 iure
368 1032 478 1080 naturali,
489 1045 529 1074 seu
538 1032 562 1075 in
571 1033 620 1074 iure
630 1033 726 1086 quadiu
748 1032 808 1085 Lege
818 1035 842 1074 et
851 1031 960 1083 Evange-

7 1148 10 1149 ⁷
33 1109 35 1111 ·
79 1154 82 1156 q
104 1097 135 1140 lio
149 1097 290 1145 continetur,
304 1097 438 1141 admittunt
449 1100 576 1151 praecepta
587 1098 686 1141 moralia
698 1111 747 1140 esse
758 1096 958 1151 indispensabilia.

54 1159 57 1162 ’
107 1165 134 1208 In
147 1164 229 1217 specie,
244 1164 305 1205 circa
317 1164 517 1217 dispensationem
528 1165 552 1207 in
564 1164 715 1207 matrimonio
727 1166 778 1207 rato
791 1176 837 1207 non
850 1175 957 1207 consum-

10 1225 21 1239 ²
55 1260 57 1262 »
107 1234 180 1280 mato,
196 1230 221 1273 in
236 1232 293 1272 voto
311 1233 335 1271 et
350 1230 490 1278 iuramento,
506 1230 532 1274 in
547 1230 597 1273 iure
614 1230 715 1284 denique
731 1230 859 1283 apostolico
876 1231 956 1283 quoad

105 1297 219 1351 bigamos,
239 1296 377 1356 innumerae
398 1299 454 1340 sunt
474 1296 649 1341 controversiae
669 1299 693 1338 et
715 1296 870 1339 difficultates
899 1309 958 1350 quas
1015 1295 1016 1298 ’

107 1363 233 1406 decretales
248 1361 300 1404 ΗΒ.
315 1362 461 1407 Pontificum
477 1374 604 1417 eorumque
617 1364 698 1415 praxis
713 1363 816 1406 multum
831 1363 957 1415 adaugent.

106 1429 241 1482 Sententiae
258 1429 406 1480 benigniores
424 1429 562 1482 praevalent
581 1431 644 1482 apud
661 1429 801 1482 posteriores
820 1428 959 1471 Decretalis-

104 1499 149 1544 tas,
160 1496 218 1550 quin
226 1497 306 1539 tamen
317 1496 348 1537 ad
356 1496 448 1548 regulas
457 1496 532 1538 claras
541 1496 698 1548 pervenerint,
709 1507 762 1538 cum
771 1496 877 1540 nondum
887 1494 956 1537 suffi-

72 1583 77 1588 1
92 1562 193 1606 ‘cienter
204 1561 370 1614 indagaverint
383 1561 492 1606 notiones
503 1561 561 1604 iuris
574 1563 696 1611 naturalis,
709 1562 767 1615 iuris
780 1561 853 1605 divini
866 1563 890 1603 et
901 1562 959 1604 iuris

103 1627 201 1671 humani
211 1627 316 1681 positivi,
329 1628 370 1669 sed
380 1627 467 1680 potius
480 1629 609 1671 secundum
620 1640 701 1671 eorum
718 1627 857 1671 methodum
874 1627 955 1669 iuridi-

49 1713 52 1722 ⁴
106 1707 164 1743 cam,
180 1695 209 1736 ad
223 1694 284 1735 solos
295 1696 378 1736 textus
392 1694 537 1750 antiquiores
551 1694 705 1739 attenderint.
732 1693 866 1736 Hostiensis
878 1696 959 1737 tamen

1 1750 2 1753 ¹
29 1742 43 1773 3
105 1760 259 1814 pluravsolvit,
270 1771 341 1813 quem
351 1759 451 1812 Ioannes
460 1759 569 1804 Andreae
578 1763 672 1804 secutus
682 1763 724 1802 est.
734 1760 873 1813 Progressus
882 1760 956 1803 scien·

1 1871 8 1880 ,
104 1827 152 1869 tiae
170 1826 273 1869 maxime
291 1825 391 1868 debetur
409 1826 520 1868 methodo
539 1826 883 1880 philosophicatheologorum
909 1826 958 1880 qui,

96 1893 192 1939 relictis
207 1892 314 1934 tentibus
329 1893 393 1940 iuris,
411 1893 518 1936 notiones
533 1893 589 1935 iuris
606 1893 680 1938 divini
696 1896 720 1934 et
736 1893 850 1937 naturalis
860 1892 960 1935 scrutati

29 1961 32 1964 ’
98 1962 161 2002 sunt
178 1962 202 1999 et
218 1959 335 2011 principia
352 1959 437 2012 regulis
454 1958 581 2001 abstractis
598 1962 780 2013 proposuerunt.
800 1959 958 2010 Quantumvis

103 2027 127 2070 in
141 2026 185 2067 hac
199 2025 298 2067 materia
312 2025 413 2069 scientia
425 2025 557 2078 theologica
571 2025 709 2078 proieceritp
722 2025 906 2068 difficultatibus
918 2025 960 2066 ho-

14 2086 19 2089 *
42 2113 44 2115 ·
105 2092 143 2135 die
151 2092 257 2136 nondum
270 2093 343 2134 vacat
356 2091 449 2134 theoria
464 2091 647 2144 dispensationis
659 2092 684 2136 in
697 2092 748 2135 iure
761 2090 872 2136 naturali.

134 2157 155 2200 5,
166 2156 208 2199 'De
217 2157 321 2210 personis
332 2168 386 2199 cum
396 2157 482 2211 quibus
493 2157 624 2211 dispensari
634 2158 716 2212 possit,
727 2170 804 2212 pauca
813 2157 903 2202 habent
913 2157 967 2199 De-'

104 2224 244 2267 cretalistae.
257 2223 368 2276 Episcopi
380 2223 430 2266 iure
442 2223 580 2277 dispensant
592 2236 645 2267 cum
658 2225 706 2268 suis
718 2224 819 2267 subditis
829 2224 854 2266 in
865 2223 959 2265 territo-

59 2348 64 2349 7
104 2292 137 2333 rio
159 2290 304 2350 degentibus,
326 2292 408 2333 utrum
428 2290 499 2332 etiam
520 2302 573 2333 cum
594 2283 729 2344 alienigenis
748 2291 773 2334 in
784 2290 902 2331 territorio
917 2292 959 2334 aut

105 2369 158 2400 curn
173 2356 275 2399 subditis
290 2358 357 2398 extra
370 2356 516 2400 territorium
531 2356 740 2405 commorantibus
756 2356 861 2400 nondum
875 2348 958 2411 liquet.

49 2472 50 2475 Ἴ
134 2424 155 2466 d.
174 2422 256 2475 Quoad
271 2422 364 2476 effecius
378 2422 568 2476 dispensationis,
583 2436 612 2465 ex
626 2424 675 2484 eius
689 2422 777 2466 effectu
790 2422 900 2476 primario
922 2435 957 2465 re-

103 2490 223 2534 lavatione
236 2500 320 2543 nempe
334 2488 398 2542 legis,
414 2489 583 2532 Decretalistae
597 2488 718 2534 deducunt
732 2489 883 2539 consectaria,
898 2503 959 2545 quae

14 2570 17 2572 ·
57 2558 63 2561 ”
87 2576 89 2579 ·
104 2556 241 2612 praesertim
254 2556 376 2610 applicant
387 2555 477 2609 legibus
485 2546 635 2610 poenalibus,
648 2556 673 2602 in
686 2556 763 2610 specie
775 2557 836 2600 circa
846 2556 959 2611 irregula-

36 2626 47 2647 ’-
103 2624 194 2667 ritates.

135 2682 197 2734 Huic
218 2689 352 2744 quaestioni
373 2689 544 2733 Decretalistae
566 2691 697 2749 adnectunt
718 2689 816 2732 alteram
838 2690 867 2731 de
889 2688 958 2730 infer-

27 2765 41 2782 *
103 2756 231 2811 pretatione
250 2756 440 2809 dispensationis.
460 2756 481 2798 A
500 2757 608 2801 doctrina
624 2756 813 2799 Decretistarum
831 2769 879 2800 non
897 2769 959 2798 rece-

106 2825 172 2871 dunt,
186 2824 226 2866 sed
237 2823 303 2865 vario
316 2824 386 2865 modo
399 2823 464 2864 illam
477 2821 607 2880 applicant..
619 2823 728 2865 Notatim
741 2824 857 2866 currantur
871 2823 959 2865 solvere

14 2918 17 2920 >
65 2927 68 2931 ,
105 2890 296 2948 eppirarietatem
320 2891 420 2947 duorum
442 2889 622 2952 principiorum,
643 2888 669 2933 vi
692 2899 793 2947 quorum
816 2890 959 2950 dispensatip
992 2896 994 2898 ’
