2182 3277
41 251 43 254 Ι
109 194 138 236 60
179 203 214 234 DE
225 184 569 235 nisenusarroureusA—snue.
584 204 645 234 xeo
658 204 800 242 nnenurun
813 204 930 236 onarrnnr
965 247 968 258 ‚

114 309 205 354 loriirrlc
222 323 249 353 esc
264 311 349 365 defectu
367 310 449 352 oetatr's
466 311 500 353 eis
518 311 656 355 conceditur
672 313 778 365 potestas
797 312 948 364 dispensandi
958 325 964 360 ;
987 303 989 305 ’
1021 356 1024 361 ,

112 379 171 422 item
180 380 205 423 in
214 378 385 432 irregularitate
396 389 423 418 eac
432 376 519 431 dejectu
527 377 652 428 nutulr'um,
665 381 690 421 at
701 378 742 431 qui
752 379 786 420 stc
797 379 900 421 ordinati
910 382 965 422 sunt
1026 379 1030 384 ⁴

112 445 138 489 tn
151 448 289 500 perpetuum
302 457 316 486 a
328 444 468 497 praelaturis
483 445 646 497 excluduntur.
662 444 708 486 Ubi
720 444 879 498 irregularitas
892 445 965 486 oritur
1001 492 1017 503 „

113 524 139 554 ex
153 511 237 565 defectu
252 510 356 563 corporis,
371 513 435 552 tuno
444 508 543 552 tantum
556 512 691 563 dispensare
701 513 811 565 possunt,
827 512 846 552 si
862 511 965 553 deiectus

112 578 272 632 supervenerit
283 577 428 618 ordinationi
440 579 557 628 receptae:
567 576 609 617 Eis
621 578 750 630 denegatur
760 577 861 620 facultas
873 578 966 631 dispen-
979 628 989 638 ,⁴

112 644 179 686 sandi
197 644 222 686 in
240 643 412 696 irregularitate
432 654 458 683 erc
476 641 561 696 dejectu
581 641 704 691 scientium
725 657 766 686 neo
787 643 866 686 afferri
885 646 965 697 posset

113 711 279 753 documentum
295 708 398 763 probans
415 721 495 751 eorum
511 712 655 762 potestatem
672 710 824 763 dispensandi
839 711 863 753 tn
881 710 965 764 irrepu7

114 776 204 818 luritutc
221 775 246 816 ob
264 775 392 829 ltpumium.
413 775 495 826 Quoad
512 775 718 828 irregularitatem·
731 787 757 816 ex
774 775 861 825 delicto,
881 778 964 821 distin-

110 844 230 897 guendum
244 847 279 885 est
294 842 406 893 delictum
421 842 541 895 publicum
557 845 580 882 et
595 843 722 883 occultum.
738 841 849 885 Facultas
864 845 896 885 eis
911 856 964 887 con-

111 914 176 953 cessa
188 913 224 951 est
236 921 277 962 pro
292 908 382 950 delictis
396 908 502 956 occultis,
516 908 609 957 excluso
623 908 708 949 deltoto
722 907 849 950 homicidii.
884 909 964 952 Nulla·
988 922 989 925 ’
1012 923 1014 925 ·

109 980 179 1019 tenus
194 975 295 1029 episcopi
310 974 399 1027 pollent
426 974 576 1028 dispensandi
591 977 710 1025 potestate
725 985 778 1028 erga
792 974 863 1017 laicos
878 976 962 1017 electos

110 1045 140 1085 ad
155 1043 232 1094 sedem
248 1041 410 1099 episcopalem.
428 1040 510 1091 Quoad
524 1040 684 1083 ordinationes
699 1039 761 1081 exuo
777 1042 876 1094 temporo
900 1042 959 1085 Con-

30 1104 32 1106 ’
109 1110 189 1151 cilium
205 1107 387 1150 Ravennatense
404 1105 463 1146 VIII
481 1105 511 1159 (a.
529 1105 604 1158 1072),
636 1118 685 1150 can.
703 1105 724 1156 8,
750 1108 870 1151 decernIt:
887 1124 895 1146 u
909 1106 960 1149 Hoc
988 1146 1010 1162 r.

109 1177 181 1219 etiam
191 1176 309 1216 statutum
320 1176 362 1222 est,
374 1186 403 1215 ne
412 1173 437 1214 in
448 1173 531 1214 dandis
541 1173 612 1214 sacris
623 1166 896 1226 ordinibus'apostoncae
908 1187 961 1217 auc-

90 1286 92 1289 ,
107 1239 214 1285 toritatis
222 1240 347 1282 violatores
355 1239 508 1291 inveniantur
518 1254 525 1277 s
537 1238 576 1292 (1).
588 1238 654 1281 Solus
664 1239 692 1280 R.
702 1237 816 1282 Pontifex
824 1244 958 1294 competens

108 1309 240 1352 declaratur
253 1297 294 1360 pro
310 1306 389 1348 danda
403 1306 578 1358 dispensatIone
593 1306 671 1358 quoad
686 1306 845 1349 ordinatIones
860 1319 902 1359 per
915 1308 961 1349 sal-

106 1378 175 1424 tum;
191 1373 293 1427 episcopi
308 1386 320 1414 e
335 1375 418 1416 contra
434 1372 510 1424 alege
525 1371 634 1414 othnent
648 1371 787 1415 facultatem
803 1373 955 1426 dispensandi

106 1443 131 1487 in
152 1441 286 1485 interstitiis
298 1438 338 1493 (2).
766 1496 767 1500 Ἰ

136 1508 202 1551 Haec
214 1506 328 1560 legIslatio
343 1506 432 1559 optume
446 1505 578 1550 doctrinam
590 1505 732 1559 scriptorum
746 1505 888 1556 corroborat,
904 1517 959 1560 quo-

106 1577 169 1617 tenus
188 1586 233 1614 non
251 1584 341 1614 ‘omnem
360 1572 496 1625 potestatem
516 1570 666 1624 dispensandi
685 1571 784 1625 deneput·
797 1572 916 1627 episcopis,
937 1573 959 1613 et

104 1641 216 1695 deleputus
232 1639 353 1693 facultates
372 1637 471 1679 concedit
489 1637 518 1680 ud
535 1636 730 1691 dispensandum
749 1643 782 1688 at,
801 1639 871 1681 simul
888 1644 957 1697 parat

103 1709 169 1752 viam
181 1708 211 1750 ad
222 1706 392 1751 vlndicandum
403 1706 440 1747 Ius
452 1706 597 1747 exclusivum
610 1703 639 1746 R.
653 1704 783 1751 pontificis,

132 1899 162 1944 (1)
177 1898 259 1942 Lassa,
272 1900 408 1935 Suerosunolu
419 1899 514 1942 concillo,
525 1899 541 1934 t.
555 1898 586 1941 12,
598 1885 619 1943 p.
632 1898 692 1933 1227.

131 1956 160 2001 (2)
176 1955 293 1999 Surenae,
304 1966 322 1991 o.
335 1966 358 1998 o,
370 1966 390 2000 p.
404 1955 443 1990 295
457 1964 503 1999 sqq.
517 1954 670 1999 uhiampliora
682 1955 737 1990 circa
748 1955 789 1991 hoc
801 1957 945 2009 exponuntur.
