2182 3277
119 207 165 252 202
260 220 294 250 nu
306 206 540 252 Drsaunsn'rrouraus
553 204 618 253 naun
628 200 828 254 uuonurmrsras

149 326 177 379 i.>
187 307 236 369 Ubi
249 330 323 381 agunt
338 330 365 371 de
375 329 428 391 iure
443 329 542 374 naturae
556 342 624 372 sensu
640 330 779 383 lanistarum,
793 329 854 372 illud
868 331 969 373 sumunt

118 395 258 448 praesertim
267 395 308 438 illo
320 409 390 439 sensu
401 409 447 450 quo
460 396 534 440 etiam
544 397 587 447 iuss
591 399 700 451 gentium
710 397 853 450 intelligunt.
866 397 898 438 Et
909 397 971 439 circa

118 461 177 502 illud
189 461 321 506 admittunt
331 459 367 505 ius
379 463 447 506 civile
459 462 506 517 (vel
517 464 674 517 canonicum),
686 476 733 507 non
744 476 810 517 posse
831 463 970 516 simpliciter

47 525 48 528 ’
119 540 167 576 seu,
181 530 208 569 ut
219 528 265 580 ipsi
279 529 368 577 dicunt,
381 529 405 572 in
418 531 497 572 totum
509 530 546 571 ius
559 532 666 574 naturale
679 525 866 582 auferre3posse
891 533 972 573 tamen
1000 536 1003 538 “

119 594 196 635 «illud
213 594 364 648 distinguere,
382 596 474 645 addere,
494 596 622 646 detrahere,
640 598 678 645 vel
695 597 830 639 adiuvaret
842 595 882 650 (1).
901 596 970 639 Hanc

119 660 177 702 iuris
202 662 318 704 naturalis
344 662 532 706 mutabilitatem
558 663 694 706 canonistas
719 662 849 720 generatim
863 664 971 706 demon-

119 729 197 770 strant
208 729 348 772 recurrendo
362 730 391 771 ad
403 722 556 782 praeceptum
570 729 691 783 Evangelii
712 730 776 783 quod
796 729 845 782 lege
866 728 972 783 positiva

119 793 224 838 humana
235 797 357 838 mutatum
370 799 411 837 est.
434 795 570 839 Recurrunt
582 796 644 839 enirn
657 797 687 838 ad
700 795 843 849 principium
854 796 879 838 in
892 796 972 837 Evan-

119 860 179 913 gelio
194 862 330 904 statutum:
353 876 362 899 c
370 861 394 905 in
409 875 448 904 ore
463 863 563 904 duorum
578 864 626 905 stat
640 862 716 904 omnis
730 863 818 904 veritas
829 876 837 899 o
851 861 915 915 quod
931 873 972 913 per
1003 901 1005 903 ,

120 931 221 971 canones
244 926 290 979 (ie
314 928 351 970 ius
375 926 581 981 ecclesiasticum),
606 931 630 971 et
653 928 714 981 leges
739 926 784 981 (ius
808 926 887 980 civile)
911 939 972 980 quae

120 993 263 1047 quandoque
283 995 362 1046 plures
380 997 454 1036 testes
473 993 605 1047 requirunt,
626 996 748 1038 mutatum
768 996 804 1037 est
815 993 855 1048 (2).
878 994 909 1035 Et
924 993 971 1051 illa

117 1058 213 1113 partiali
229 1060 391 1102 mutabilitate
406 1059 464 1102 iuris
480 1060 604 1110 naturalis,
622 1073 692 1103 sensu
707 1060 845 1114 legistarum
864 1073 906 1114 pro
922 1059 973 1101 iure

117 1126 224 1180 gentium
237 1125 361 1175 intellecti,
376 1139 416 1179 per
431 1127 565 1179 exemplum
579 1127 720 1170 mutationis
735 1126 833 1170 alienius
848 1126 970 1181 praecepti

117 1192 246 1245 evangelici
261 1193 429 1243 demonstrata,
451 1207 479 1235 ex
498 1193 580 1235 eadem
597 1192 794 1243 immutabilitate
813 1193 911 1236 ulterius
931 1194 970 1234 de-

118 1261 210 1302 ducunt
219 1259 256 1300 ius
266 1260 375 1303 naturale
386 1263 508 1314 sumptum
519 1251 622 1303 insensu
634 1259 811 1303 canonistarum
823 1260 895 1303 etiarn
907 1271 966 1313 quo-

118 1328 244 1371 dammodo
258 1339 307 1368 esse
320 1326 434 1369 mutabile
448 1339 489 1368 seu
502 1326 667 1378 dispensabile.

124 1427 126 1430 .
150 1394 170 1435 2.
190 1393 272 1444 Quoad
289 1394 410 1446 praccepta
426 1391 526 1434 morolio
544 1392 568 1432 in
585 1392 641 1447 Leqe
659 1393 681 1433 ct
698 1392 825 1446 Euiutqelio
842 1394 966 1441 contenta,

119 1460 290 1504 Decretalistae
304 1460 408 1503 retinent
421 1458 565 1513 principium
579 1458 615 1502 ius
629 1461 738 1502 naturale
751 1459 901 1502 immutabile
916 1471 969 1511 per-

116 1540 211 1570 manere
223 1525 263 1579 (3).
282 1525 396 1569 Attamen
412 1526 478 1568 illam
495 1525 718 1569 immutabilitatem
736 1526 841 1579 quidam,
859 1529 887 1567 ut
905 1525 970 1567 Lan-

116 1593 212 1637 francus
223 1591 264 1646 (4),
282 1592 416 1636 Rei-narius
435 1591 577 1639 Parmensis,
598 1590 751 1635 Innocentius
771 1592 811 1641 IV,
832 1591 967 1635 Hostiensis

114 1663 139 1702 et
159 1660 259 1704 Ioannes
275 1658 383 1703 Andreae
395 1657 436 1711 (5),
452 1658 488 1700 ita
504 1658 625 1710 explicant
641 1661 676 1707 ut,
693 1659 755 1700 sicut
771 1671 812 1712 pro
828 1657 878 1700 iure
896 1661 966 1700 natu-

116 1727 159 1769 rali
171 1725 285 1779 gentium,
299 1725 442 1779 principium
453 1727 550 1768 tantum
562 1735 644 1767 verum
657 1724 688 1766 sit
699 1740 707 1762 c
717 1725 742 1769 in
754 1726 830 1774 simul,
844 1729 868 1767 et
880 1724 964 1767 nonin

114 1792 264 1837 individuis»
278 1805 326 1841 seu,
339 1791 489 1836 immutabile
503 1791 534 1832 sit
547 1795 665 1846 quatenus
680 1804 726 1835 non
740 1792 854 1835 admittat
868 1790 966 1845 abroga-

139 1986 169 2031 (1)
185 1986 215 2022 Ci.
227 1986 365 2020 Bnaununus
378 1985 583 2020 Conposuucnauus
594 1994 679 2026 runrou,
692 1994 710 2020 o.
722 1995 747 2027 c.,
758 1986 787 2020 ad
799 1995 815 2022 c,
829 1986 847 2029 7,
859 1982 881 2022 in
893 1987 921 2023 X.
934 1987 965 2021 De

111 2042 303 2083 constitutionibus,
316 2041 333 2083 I,
344 2042 362 2076 2.
855 2071 857 2075 ,

138 2099 168 2143 (2)
186 2099 336 2133 Inuoonurrus
350 2098 384 2139 IV,
397 2098 541 2137 Hosrruusrs,
553 2096 627 2131 innuas
639 2098 761 2139 Antiquos,
774 2099 795 2132 et
808 2098 839 2134 Io.
851 2100 963 2135 ,annania

111 2157 139 2191 ad
150 2165 166 2190 c.
179 2150 200 2196 7,
209 2156 236 2190 X.
249 2156 278 2189 Dc
290 2154 482 2195 constitu-tionibus,
496 2153 512 2194 Ι,
524 2152 542 2187 2,
553 2166 560 2184 c
573 2152 607 2188 Ius
618 2156 692 2189 autem
703 2154 803 2189 naturale
812 2155 825 2191 i.
836 2164 852 2192 e,
864 2155 962 2200 gentium
982 2159 988 2164 “

111 2222 155 2248 non
164 2212 237 2256 potest
246 2210 322 2246 tollere
331 2212 353 2245 in
363 2211 434 2244 totum
444 2212 476 2244 ius
487 2208 556 2250 civile,
568 2211 604 2244 sed
613 2212 686 2253 potest
697 2210 815 2252 detrahere,
826 2212 964 2256 distinguere,

110 2268 196 2309 addere,
208 2269 229 2302 et
239 2268 350 2309 adiuva-re,
361 2275 411 2301 narn
422 2266 475 2301 dicit
485 2264 628 2308 Evangelium
638 2277 642 2300 :
653 2267 721 2315 inore
732 2267 845 2309 duorum„
856 2269 879 2302 et
888 2269 963 2304 tamen

110 2331 203 2360 canones
212 2325 234 2358 et
242 2324 299 2368 leges
308 2323 437 2367 quandoque
445 2322 508 2365 plura
517 2321 629 2365 requirunt
638 2336 651 2358 i.
664 2322 693 2359 Cf.
704 2324 838 2368 supra,p.123
850 2336 855 2369 ;
865 2326 897 2359 est
907 2325 963 2362 enim

112 2382 210 2416 <lontrina
220 2382 271 2416 iuris
281 2379 383 2421 Romani,
393 2379 436 2413 iam
447 2388 459 2413 a
470 2378 550 2413 Rufino
561 2379 680 2423 proposita,

138 2437 169 2482 (3)
185 2437 215 2473 Gi.
229 2437 373 2477 Hosrruusrs,
385 2436 479 2478 Lccturu,
492 2434 519 2481 gl.
532 2435 592 2471 adv.
605 2445 617 2469 cr
629 2436 695 2478 nobis,
708 2444 725 2471 c.
739 2435 771 2478 24,
785 2436 812 2472 X.
826 2436 856 2471 De
868 2437 962 2477 decimis,

113 2493 154 2535 HI,
166 2494 191 2529 30
202 2504 206 2528 :
218 2507 225 2525 c
235 2494 291 2529 Nam
302 2494 342 2528 hoc
352 2493 492 2537 praeceptum
503 2492 536 2524 est
546 2491 572 2525 de
582 2491 627 2526 iure
637 2492 739 2534 naturali,
758 2493 817 2538 quod
825 2493 961 2528 immutabile

110 2550 246 2595 permanet»,
260 2569 286 2573 -
296 2550 434 2584 Buaunnuus
446 2549 584 2589 pianensis,
596 2558 613 2584 o.
626 2558 650 2590 e,
662 2549 691 2583 ad
702 2557 718 2583 e.
733 2549 753 2583 t:
774 2561 782 2580 <r
792 2551 842 2592 quia
853 2551 886 2585 ius
896 2549 960 2585 natu-

111 2606 155 2642 rate
167 2606 303 2641 immutabile
315 2606 448 2649 permanet»,
463 2624 490 2628 —
511 2605 660 2646 Raunruuuus,
682 2605 769 2639 Summa
783 2604 843 2648 iuris,
865 2615 905 2641 ms.
922 2605 959 2641 cit.

111 2663 161 2697 Vat.
172 2663 272 2706 Borghes.
284 2663 355 2704 naor,
366 2661 402 2697 iol.
414 2661 452 2696 92ν
461 2671 466 2696 2
476 2674 483 2692 ι(
493 2659 568 2695 Potest
579 2652 626 2705 crgo
637 2670 694 2705 papa
704 2661 842 2704 interpretari
852 2663 884 2697 ius
895 2661 961 2696 natu-⁴

110 2719 155 2754 rate
163 2719 208 2753 siue
218 2719 322 2760 diuinum,
331 2719 404 2762 potest
413 2717 546 2752 commutare
554 2716 746 2762 interdum,potest
755 2720 776 2752 et
784 2718 855 2761 ipsum
864 2717 962 2761 quando-

112 2783 153 2820 que
165 2775 289 2811 modiiicare
302 2775 444 2819 dispensando
458 2782 506 2808 cum
518 2773 590 2817 aliquo
602 2774 636 2809 uel
647 2774 756 2818 aliquibus
768 2775 824 2809 circa
845 2774 960 2809 decimasn.

139 2830 170 2875 (4)
187 2830 218 2868 Gl.
228 2832 284 2867 adv.
294 2832 395 2876 peruenit,
406 2839 422 2867 c,
433 2831 452 2872 2,
463 2831 536 2880 Comp.
548 2829 564 2872 Ι,
576 2828 616 2874 ΙΙΙ,
627 2831 659 2866 26,
670 2829 709 2866 llis.
720 2831 755 2866 cit.
765 2831 815 2870 Vat.
824 2830 862 2870 lat.
875 2829 960 2876 n,1377,

110 2887 148 2929 iol.
165 2886 198 2921 96.

137 2941 168 2992 (5)
185 2940 237 2986 lttd,
