2139 3277
391 231 469 275 innan
488 227 639 277 amanuncus
907 230 966 274 xxxi

305 357 411 392 evidentis
424 356 525 401 utilitatis
540 358 654 396 Ecclesiae·
668 376 696 382 —
709 357 726 393 6.
742 358 777 392 An
790 357 812 392 in
828 356 911 400 dispen-

305 413 388 450 satione
398 414 519 456 requiratur
531 423 645 450 consensus
656 413 760 458 capituli?
773 432 801 438 -
811 412 830 449 7.
843 413 898 456 Auc-

305 470 369 510 tores,
387 469 443 503 inter
460 473 512 513 quos
529 471 617 505 eminet,
628 470 715 506 loannes
734 471 765 504 De
783 470 835 510 Deo,
854 470 898 503 stu-

249 568 256 571 ‘
304 525 362 559 diosc
368 521 479 568 inquirunt
488 534 549 563 casus
556 527 578 561 in
586 527 662 570 quibus
668 519 732 564 ai'ure
738 526 843 571 implicite
850 534 899 560 cona

304 589 362 619 cessa
375 581 408 615 est
418 582 514 625 potestas
526 582 671 626 dispensandi.
688 623 692 626 ¹

76 721 91 739 -,
112 684 253 747 Appendixs
268 682 394 745 Doctrina
428 694 612 749 theologorum
641 696 672 736 de
706 694 902 749 dispensatione

203 759 382 803 ecclesiastica
411 773 556 815 eorumque
584 760 702 803 influxus
730 762 758 801 in
788 773 863 803 cano-

390 829 476 869 nistas
492 830 517 868 et
529 829 652 869 vicissim

177 916 218 968 §i
232 915 346 961 Doctrina
360 916 559 961 Scholasticorum
572 916 656 970 prioris
670 903 756 960 aetatis
796 949 800 958 .
834 949 839 957 .
873 948 877 957 .
923 913 968 958 254

223 986 306 1031 alsugo
318 981 334 1024 a
341 986 361 1021 S.
372 987 457 1021 Victore
468 987 489 1020 et
499 985 605 1021 Walterus
616 987 641 1021 de
652 987 782 1024 Mauritania
792 984 892 1021 alludunt

223 1043 251 1080 ad
267 1043 434 1087 dispensationes
451 1044 479 1080 ad
495 1043 632 1085 iaciendum3
650 1051 704 1087 quae
713 1043 840 1078 tribuuntur
856 1042 900 1077 An-

223 1097 286 1134 selmo
303 1099 439 1137 Laudunensi
454 1100 508 1134 circa
523 1099 622 1143 coniugia
636 1100 757 1143 posterioris
772 1099 823 1133 sunt
837 1099 896 1136 aeta-

196 1159 210 1167 ’·
222 1156 257 1190 tis.
269 1174 296 1179 -
306 1156 324 1191 2.
338 1156 441 1197 Doctrina
452 1156 509 1190 Petri
520 1155 638 1193 Lombardi
649 1157 670 1190 et
681 1155 778 1199 Hugonis
790 1164 802 1192 a
814 1154 834 1189 S.
846 1154 894 1189 Vic-

193 1248 197 1252 .
222 1212 269 1246 tore
280 1212 304 1246 de
314 1212 401 1247 notione
410 1212 460 1246 iuris
465 1209 582 1249 naturalis.
593 1230 621 1235 —
630 1212 648 1247 3.
660 1210 736 1246 Nullus
746 1211 833 1246 videtur
843 1210 894 1244 iuis-

222 1276 243 1301 se
249 1266 343 1303 influxus
351 1270 438 1303 mutuus
444 1269 466 1302 in
472 1267 603 1306 elaboranda
610 1268 706 1304 doctrina
713 1267 897 1311 dispensationum

222 1323 401 1362 scholasticorum
414 1325 436 1359 et
448 1324 615 1377 canonistarum.
636 1333 647 1339 ·’

176 1406 218 1459 ἕ2.
243 1406 357 1451 Doctrina
370 1406 568 1451 Scholasticorum
580 1406 715 1461 posterioris
729 1407 816 1449 aetatis
839 1438 845 1449 .
878 1404 958 1460 ,257

222 1478 240 1511 1.
257 1476 381 1514 scholastici
392 1478 414 1510 et
425 1477 548 1515 canonistae
560 1478 690 1517 conveniunt
700 1477 721 1512 in
734 1477 832 1515 doctrina
843 1469 897 1513 circa

223 1532 410 1576 dispensationem,
417 1535 439 1568 in
445 1533 542 1577 pluribus
550 1534 675 1568 scholastici
683 1534 795 1568 discedunt
802 1533 828 1568 ab
836 1533 868 1567 his
875 1532 897 1567 in
938 1558 940 1560 -

154 1601 156 1603 ·
224 1590 321 1627 doctrina
335 1591 359 1624 de
371 1590 417 1624 iure
429 1589 523 1627 naturali
535 1592 559 1635 et
571 1600 628 1626 nova
641 1590 730 1637 addunt.
744 1608 772 1614 ——
784 1589 802 1625 2.
818 1587 896 1624 Guliel—

223 1655 270 1680 nms
282 1644 465 1681 Altissiodorensis
480 1646 594 1690 distinguit
606 1647 639 1681 ius
652 1645 750 1684 naturale
763 1647 785 1679 et
798 1645 897 1681 diuinum

223 1702 245 1734 et
264 1703 356 1745 quatuor
375 1703 452 1746 gradus
472 1703 606 1737 necessitatis
625 1703 787 1747 praeceptorum
806 1701 896 1737 induclt.

221 1776 249 1782 —-
258 1758 276 1793 3.
287 1758 371 1793 Alberti
380 1758 451 1802 Magni
461 1768 517 1796 nova
529 1759 625 1794 delinitio
635 1760 685 1794 iuris
696 1757 800 1796 naturalis
810 1760 897 1802 eiusque

224 1815 320 1853 doctrina
337 1815 363 1849 de
379 1815 538 1859 dispensatione
553 1815 575 1850 in
592 1815 643 1850 voto
659 1816 812 1850 continentiae.
830 1833 857 1839 -
872 1814 891 1850 4.

224 1871 326 1909 Doctrina
335 1870 451 1909 Alexandri
461 1871 560 1908 Halensis
570 1872 592 1905 et
602 1872 621 1907 S.
631 1872 803 1909 Bonaventurae.

176 1953 217 2006 §S
231 1953 345 1998 Doctrina
363 1954 384 1996 S.
405 1952 508 1998 Thomae
526 1954 653 2009 Aquinatis
689 1988 693 1998 .
727 1987 732 1997 .
842 1985 847 1997 .
881 1985 885 1997 .
918 1952 961 1995 261

222 2026 240 2059 1.
256 2025 442 2068 Dispensationem
449 2033 512 2059 sensu
520 2026 716 2066 stricto,interdum
723 2026 867 2061 tamensensu
873 2022 905 2060 la-

221 2081 243 2114 io
255 2081 322 2118 audit.
333 2100 361 2106 —
370 2081 389 2116 2.
400 2081 451 2116 Eius
462 2081 560 2118 doctrina
570 2082 626 2118 circa
636 2089 722 2115 causam
732 2082 755 2115 et
763 2080 893 2125 interpreta-

175 2171 177 2174 γ
221 2137 302 2172 tionem
310 2137 480 2182 dispensationis.
488 2155 515 2161 —-
522 2138 541 2173 3.
550 2138 685 2182 Dispensatio
693 2146 730 2181 pro
738 2130 857 2173 ordinando
865 2136 896 2171 hi—

222 2201 283 2238 gamo
302 2203 344 2229 non
362 2194 395 2228 est
413 2194 487 2229 contra
503 2195 537 2228 ius
556 2194 653 2229 divinum
670 2193 704 2229 vel
721 2193 827 2236 naturale,
846 2193 896 2237 quia

176 2248 177 2251 ’
220 2251 360 2294 praeceptum
377 2250 411 2285 est
427 2258 483 2284 mere
501 2249 675 2285 ecclesiasticum.
694 2269 721 2275 ——
752 2251 770 2286 4.
790 2250 905 2293 Dispensa-

221 2307 251 2340 tio
260 2308 282 2342 in
291 2306 342 2341 voto
352 2299 396 2342 nen
405 2305 493 2342 solemni
502 2316 545 2342 non
554 2308 587 2341 est
596 2307 725 2351 dispensatio
735 2306 758 2342 in
766 2308 812 2341 iure
822 2306 893 2341 divino

221 2361 255 2398 vel
270 2361 379 2405 naturali;
394 2364 469 2398 votum
480 2362 583 2398 solemne
598 2362 744 2399 continentiae
758 2363 780 2398 in
795 2361 895 2406 religione

169 2434 172 2437 >
220 2427 263 2453 non
271 2419 345 2463 potest
355 2419 477 2462 dispensari.
487 2437 515 2443 *-
524 2419 542 2455 5.
560 2419 648 2455 Inferior
658 2420 733 2463 nequit
743 2417 895 2463 dispensarem

219 2473 264 2518 lege
276 2475 396 2519 superioris,
407 2475 445 2510 nisi
457 2474 563 2519 quatenus
577 2475 673 2513 'facultas
695 2475 825 2516 conceditur,
838 2475 859 2509 et
873 2474 895 2509 in

221 2530 261 2564 'llis
271 2539 326 2574 quae
334 2531 442 2574 frequenti
450 2531 548 2575 indigent
556 2532 721 2575 dispensatione.
737 2549 765 2555 -
785 2530 803 2567 7.
820 2530 896 2580 Quoad

222 2587 402 2630 dispensationem
408 2588 430 2621 in
436 2587 480 2621 iure
488 2587 581 2625 naturali
589 2588 609 2624 S.
617 2588 708 2622 Thomas
716 2586 830 2630 distinguit
836 2595 895 2631 prae·
917 2598 921 2603 ·

222 2644 282 2686 cepta
294 2643 417 2678 communia
426 2644 448 2678 et
458 2643 611 2680 conclusiones.
630 2663 656 2668 -—
666 2644 685 2678 8.
696 2644 765 2678 Minor
774 2643 818 2678 init
826 2641 890 2678 inllu-

164 2700 165 2703 ’
221 2707 261 2733 xus
271 2699 380 2733 doctrinae
398 2700 558 2737 canonistarum
577 2701 600 2735 in
622 2700 741 2736 doctrinam
760 2699 779 2735 S.
791 2699 893 2740 Thomas,

222 2756 295 2793 contra
304 2756 349 2790 eius
359 2755 456 2790 doctrina
464 2756 507 2790 tuit
516 2757 587 2800 magni
597 2757 700 2791 momenti
709 2764 746 2800 pro
757 2756 881 2792 canonistis.

45 2841 60 2880 ἢ
113 2835 235 2880 Conclusio
250 2838 324 2892 portis
339 2839 432 2891 quoride
496 2872 500 2883 .
534 2872 539 2883 .
649 2872 654 2883 .
687 2871 692 2882 .
725 2871 730 2881 .
764 2871 769 2881 .
803 2870 808 2882 .
842 2836 848 2882 .’
881 2869 886 2881 .
918 2834 961 2881 270

59 2985 64 2988 Ἄ
113 2912 189 2964 Index
202 2919 364 2976 alphabeticus
380 2920 432 2963 RR.
447 2921 593 2967 Pontificum
619 2925 642 2965 et
658 2922 800 2977 scriptorum
820 2934 894 2978 nsque

54 2992 56 2994 ’
108 3031 114 3053 ὲ
170 2994 201 3037 ad
215 2993 320 3039 medium
336 2994 456 3038 saeculum
470 2993 531 3038 XIV
558 3026 563 3038 .
597 3024 603 3036 .
631 3027 636 3038 .
660 3002 662 3009 ¹
669 3022 888 3038 .......
919 2990 962 3039 273
