2182 3277
144 205 188 251 124
308 217 341 251 DE
352 221 584 264 Dispensarronrssus
596 204 662 259 aeuo
673 220 838 253 nncnnrrsrns
905 222 906 225 ¹

148 330 174 372 in
183 330 281 373 Decreto
291 333 343 374 tum
353 332 416 383 apud
426 331 547 380 civilistas‚
558 332 705 385 perspicuam
715 332 787 373 etiam
797 331 929 374 doctrinam
939 342 992 383 pro·
1017 377 1019 380 ἵ

85 448 90 452 y
148 397 223 449 ponit.
238 396 357 450 Imprimis
370 398 491 440 notionem
504 409 576 452 quarn
588 414 596 436 c
605 398 738 452 legisticam
747 413 755 436 r
768 394 846 446 vocat,
860 396 989 438 secundum

149 462 268 515 quamius
281 463 388 518 naturale
402 463 489 504 dicitur
501 479 509 500 r
518 464 619 518 id'quod
633 467 718 506 natura
731 463 810 508 omnia
822 462 935 506 animalia
949 463 989 503 do·
1049 489 1054 516 5

102 542 104 545 ¹
149 528 199 569 cuit
208 545 216 566 n
230 528 304 576 reicit,
320 529 349 570 ob
363 544 372 565 r
383 529 431 571 eius
445 529 623 582 generalitatem
638 543 698 585 quae
712 530 790 574 omnia
805 528 916 572 animalia
930 540 984 570 con-

149 595 231 642 cludit,
241 596 341 649 ideoque
349 607 398 637 ,non
409 598 477 638 curat
488 597 516 638 de
527 609 553 637 eo
565 598 629 650 quod
639 598 786 640 solummodo
797 596 876 650 generi
886 596 988 637 humano

149 660 291 702 ascribitur»
302 660 343 714 (l).
357 660 418 703 Huic
429 662 500 705 aliam
511 661 637 704 substituit
647 663 769 714 notionem
780 676 826 717 qua
836 663 873 704 ius
883 659 998 708 naturale,

96 747 98 753 ι
148 729 248 768 vocatur
259 740 263 767 :
275 743 283 765 r
293 728 329 769 vis
341 729 458 781 quaedam
469 728 586 771 huma-nae
598 731 697 770 naturae
709 742 722 770 a
734 732 819 772 natura
829 729 902 771 insita
913 728 943 770 ad
954 727 990 769 ia-

149 792 258 836 ciendum
269 793 358 837 bonnm
370 796 547 848 cavendumque
568 794 715 840 contrarium,
725 811 741 836 s.
763 795 906 843 Hocautem
917 794 953 835 ius
966 793 990 833 in

138 858 225 912 xtribus
239 860 354 908 consistit,
368 860 457 902 scilicet
468 860 493 901 in
506 860 632 908 mandatis,
647 860 845 913 prohibitionibus
858 864 883 902 et
896 857 991 903 demon-

148 922 310 968 strationibus.
329 925 427 968 Mandat
445 927 508 980 quod
525 926 600 978 prosit
610 940 615 974 ;
627 925 744 979 'prohibet
761 929 824 980 quod
840 926 914 969 laedit
925 940 930 974 ;
941 926 987 984 ¹de-

148 994 266 1033 monstrat
281 993 345 1045 quod
361 993 482 1040 convenit,
495 993 531 1032 uti
546 993 643 1035 «omnia
658 991 682 1034 in
699 990 824 1036 commune
837 992 990 1035 habeantur»

148 1060 190 1099 aut
202 1073 210 1094 r
221 1057 325 1100 omnium
338 1071 385 1100 una
397 1058 428 1099 sit
440 1058 537 1100 libertas
547 1074 556 1096 n
568 1061 591 1099 et
604 1059 650 1100 alia
660 1052 792 1102 huiusmodi
802 1074 818 1108 r„
830 1058 856 1100 ln
868 1058 920 1112 ipsa
933 1056 990 1099 deii-

148 1123 238 1165 nitione
253 1137 295 1166 sua
310 1124 407 1177 proinde
421 1124 524 1166 includit
539 1123 641 1167 Rufinus
657 1139 684 1167 ea
699 1139 759 1179 quae
774 1125 878 1180 plerique
892 1123 988 1166 inristae

148 1192 203 1231 ante
217 1202 270 1233 eum
284 1193 311 1230 ut
323 1189 423 1232 eftectus
436 1190 494 1232 iuris
508 1191 622 1233 naturalis
635 1195 808 1244 proposuerant
819 1191 868 1244 (2);
883 1193 908 1233 at
920 1190 988 1232 iuxta
1001 1231 1004 1233 ,

80 1258 82 1260 ’
147 1254 262 1299 Rufinum
283 1256 517 1309 improprietantum
534 1257 629 1299 adillud
642 1257 680 1299 ius
697 1257 824 1310 pertinent.
837 1256 989 1300 Demonstra-

147 1317 224 1364 tiones
236 1322 299 1366 enim
310 1326 400 1364 remote
412 1326 509 1366 tantum
521 1326 576 1364 sunt
589 1326 667 1376 partes
682 1323 740 1365 iuris
753 1323 874 1371 naturalis,
892 1325 916 1363 et
934 1322 987 1363 ideo

147 1400 195 1430 non
207 1388 353 1442 participant
366 1390 393 1430 de
406 1388 592 1442 proprietatibus
606 1401 663 1442 quas
677 1402 756 1432 omnes
769 1389 824 1431 huic
835 1389 880 1431 iuri
904 1397 987 1441 agnos-

147 1458 211 1503 cunt,
233 1455 308 1508 qualis
328 1458 364 1497 est
382 1445 572 1498 immutabilitas.
593 1454 696 1497 Rufinus
709 1459 789 1509 aperte
801 1455 922 1508 restringit
933 1454 989 1496 iuris
1050 1502 1053 1504 ,
1087 1465 1089 1467 ·

147 1521 261 1563 naturalis
275 1521 496 1564 immutabilitatem
512 1522 542 1563 ad
556 1524 683 1575 praecepta
697 1525 721 1563 et
735 1522 912 1575 prohibitiones,
929 1533 988 1574 quae

148 1587 197 1629 sola
214 1598 260 1629 non
277 1587 410 1630 admittunt
427 1587 634 1640 dispensationem.
652 1587 693 1628 Ait
710 1589 788 1632 enim:
816 1588 949 1630 «mandata
965 1589 989 1628 et

147 1652 316 1709 prohibitiones
331 1654 419 1696 nullam
434 1653 610 1707 derogationem
625 1655 712 1700 sentire
727 1654 818 1713 queunt
826 1670 835 1692 r>
849 1657 873 1696 et
887 1668 896 1691 r
906 1656 988 1695 contra

145 1720 182 1761 ius
197 1720 311 1769 naturale,
327 1720 440 1762 exaudias
456 1720 535 1773 quoad
550 1720 720 1772 prohibitiones
736 1723 759 1762 et
774 1722 912 1773 praecepta,
924 1718 988 1762 nulla

147 1786 291 1842 dispensatio
306 1786 359 1828 fieri
375 1788 479 1839 potest».
862 1798 865 1800 “

174 1851 316 1895 Concludere
335 1852 433 1906 proinde
452 1864 577 1909 possumus
596 1852 713 1896 Rufinum
732 1867 746 1896 a
762 1852 812 1895 iure
831 1855 930 1895 naturae
949 1852 986 1893 in-

144 1918 238 1960 tellecto
249 1919 273 1962 in
285 1931 354 1960 sensu
377 1918 454 1971 priori,
469 1918 547 1971 quoad
559 1932 586 1961 ea
597 1931 680 1972 nempe
694 1919 788 1973 quaein
800 1918 860 1977 Lege
870 1921 895 1960 et
908 1917 987 1960 Evan-

144 1984 202 2037 gelio
223 1985 381 2033 continentur,
402 1985 525 2026 excludere
545 1988 671 2038 praecepta
691 1985 875 2032 caeremonialia,
896 1987 920 2025 et
938 1983 986 2028 iam

144 2063 191 2096 non
208 2051 349 2107 distinguere
366 2063 418 2097 eum
434 2045 548 2105 magistro
565 2050 677 2095 Gratiano
693 2052 755 2094 inter
770 2051 890 2105 praecepti
906 2062 985 2103 super-

167 2247 197 2292 (1)
213 2248 247 2283 Ad
257 2248 309 2283 dict.
321 2247 381 2284 Grat.
392 2256 411 2282 a.
423 2256 440 2282 c.
452 2247 471 2288 1,
483 2247 509 2281 D.
522 2246 538 2281 I.
550 2246 641 2287 SINGER,
652 2254 673 2289 p.
685 2245 696 2279 b
707 2255 711 2279 :
722 2258 729 2276 r
740 2244 788 2279 Hoc
797 2246 871 2282 autem
881 2244 915 2279 ius
926 2243 987 2288 legis-

138 2305 181 2340 tica
191 2304 279 2342 traditio
290 2303 447 2347 generalissime
458 2302 540 2337 diffinit
551 2302 620 2336 dicens
631 2311 635 2335 :
646 2301 787 2338 ius'na'turale
797 2301 898 2345 estquod
908 2295 986 2337 natura

118 2373 120 2375 ’
138 2361 211 2402 omnia
226 2360 329 2399 animalia
347 2359 426 2394 docuit.
445 2359 488 2394 Nos
505 2367 555 2393 vero
571 2358 636 2395 istam
653 2358 822 2401 generalitatem,
840 2365 895 2402 quae
912 2356 986 2391 omnia

139 2417 249 2452 concludit
262 2416 371 2457 animalia,
387 2411 430 2450 non
442 2416 551 2456 curantes,
568 2415 593 2448 de
608 2423 638 2456 eo,
654 2415 717 2451 iuxta
727 2414 790 2458 ⁴quod
804 2415 899 2448 humano
915 2410 986 2456 'generi

91 2489 93 2493 >
138 2466 272 2508 solummodo
279 2472 400 2513 ascribitur,
409 2472 509 2507 breuiter
518 2471 628 2506 videamus
640 2470 789 2514 :inspicientes
803 2470 854 2514 quid
866 2465 938 2513 ipsum
951 2469 986 2510 sit,

139 2531 161 2563 et
170 2530 193 2564 in
203 2530 281 2573 quibus
293 2528 406 2569 consistat,
417 2527 439 2561 et
450 2527 559 2572 quomodo
569 2527 704 2571 processerit,
715 2526 769 2561 etin
780 2535 822 2569 quo
833 2527 852 2560 ei
863 2525 986 2562 detractum

139 2585 222 2629 aliquid
237 2586 277 2620 aut
293 2585 411 2622 adauctum
427 2584 500 2618 fuerit.
519 2583 559 2617 Est
573 2583 648 2626 itaque
665 2582 764 2620 naturale
780 2582 812 2617 ius
829 2583 861 2618 vis
879 2581 986 2625 quaedam

139 2643 232 2676 humane
243 2640 452 2677 creatureanatura
461 2637 528 2674 insita
538 2639 566 2675 ad
575 2639 699 2674 iaciendum
722 2639 802 2673 honum
823 2637 986 2681 cavendumque

139 2697 276 2735 contrarium.
292 2696 395 2732 Consistit
407 2696 481 2730 autem
493 2696 526 2729 ius
540 2695 637 2730 naturale
650 2694 672 2729 in
685 2695 761 2736 tribus,
776 2695 839 2729 scilic.
851 2704 855 2728 z
869 2693 990 2738 mandebav

138 2753 326 2798 prohibitionibus,
339 2752 567 2789 demonstrationibus,
580 2751 671 2788 Mandat
682 2759 776 2794 namque
788 2748 932 2794 qnod'prosit‚
946 2749 985 2791 ut:

138 2809 211 2851 diliges
225 2810 340 2844 Dominum
353 2809 423 2843 Deum
436 2809 514 2848 tuum3
537 2807 637 2849 prohibet
650 2808 709 2851 (pund
721 2806 782 2847 ledit,
807 2806 833 2840 ut
854 2814 915 2839 cnon
930 2805 987 2839 occi-=

139 2866 174 2899 des
180 2877 186 2895 r
197 2875 201 2906 ;
227 2865 360 2899 demonstrat
372 2865 429 2907 quod
441 2863 548 2904 convenit,
561 2864 585 2897 ut
596 2863 685 2897 «omnia
696 2863 717 2897 in
730 2862 837 2897 communi
849 2861 970 2898 habeantur
979 2874 986 2893 o

139 2922 164 2956 nt
175 2933 182 2952 r
193 2922 288 2956 omnium
304 2929 347 2955 una
358 2920 386 2953 sit
396 2919 484 2956 libertas
494 2933 501 2951 a
513 2921 534 2953 et
544 2919 690 2963 huiusmodi».

165 2975 197 3022 (2)
213 2976 243 3013 Cf.
255 2985 325 3021 supra,
335 2985 357 3020 p.
366 2969 401 3011 81.
494 2975 496 2977 '
