2139 3277
453 157 553 200 Divisio*
565 168 651 199 crenis
957 152 971 195 7

48 314 51 316 ,
119 267 260 319 ordinariam
274 274 366 317 Decreti
381 274 444 332 (post
459 274 543 332 1215);
568 276 592 319 in
607 278 707 330 quarta:
724 275 785 329 apud
800 273 967 319 Decretalistas

62 355 64 358 ·
79 337 83 341 ’
108 362 109 365 =
120 353 193 396 usque
200 343 230 396 ad
239 341 350 386 Ioannem
356 341 463 384 Andreae
469 341 582 383 inclusive
590 341 675 395 (1348).
685 341 757 385 Ratio
765 341 834 384 huius
841 340 964 384 divisionis

118 408 143 451 in
152 408 265 462 principio
275 408 457 460 uniuscuiusque
468 406 552 459 capitis
561 407 711 450 indicabitur.

150 474 169 516 1.
187 475 213 517 ln
228 474 318 517 duabus
332 472 448 526 prioribus
462 473 576 526 partibus,
586 474 672 527 duplici
687 475 795 524 sectione,
822 474 967 527 inquiremus

118 540 171 583 hinc
186 542 214 582 de
229 540 334 582 doctrina
349 540 410 581 circa
428 539 642 592 dispensationem,
659 540 712 586 hinc
731 542 759 586 de
775 541 849 598 praxi,
865 552 967 598 praesen

117 606 161 649 tim
174 607 199 650 in
213 606 319 648 Ecclesia
334 605 482 648 occidentali.
510 604 567 646 Cum
594 609 673 650 antem
688 608 718 648 de
732 606 825 659 periodo
841 606 896 650 ante
910 606 967 652 ‚Gra-

59 684 61 687 ’
117 673 210 715 tianum
234 672 330 725 Stiegler
359 672 474 729 optimum
501 674 632 720 tractatum
660 673 784 730 scripserit,
808 673 885 720 minus
911 673 966 719 hnic

116 738 284 785 inhaerendum
303 739 362 786 erit;
382 741 488 781 attamen
507 738 531 779 in
549 738 626 791 prima
638 741 712 792 vparte
732 741 812 781 notare
831 739 963 791 poterimus

117 808 206 858 puncta
219 804 247 848 ah
261 804 298 846 illo
312 804 389 847 minus
401 806 463 846 recte
477 804 603 857 proposita.
627 804 654 846 ln
667 805 769 847 secunda
781 807 846 857 parte
861 805 967 853 doctrina

80 907 84 910 .
116 870 190 913 fusius
205 872 328 914 tractanda
346 871 397 919 erit,
419 881 471 912 cum
488 869 584 923 Stiegler
600 871 678 925 quoad
693 871 737 912 hoc
753 882 800 912 non
815 870 873 913 satis
889 871 966 913 critice

116 938 253 994 processisse
266 938 367 990 indeque
380 934 449 993 plura
461 935 597 994 deficienter
610 937 758 991 proposuisse
771 937 888 979 videatur.
903 935 965 982 Huic

69 1053 71 1056 ἵ
115 1004 177 1057 parti
193 1016 233 1057 per
247 1004 342 1046 modum
357 1002 512 1045 conclusionis
526 1004 639 1046 addemus
655 1004 711 1057 quid
727 1004 875 1046 sentiendum
890 1003 922 1045 sit
938 1004 965 1046 de

115 1070 185 1112 variis
205 1070 307 1118 theoriis,
329 1069 414 1123 quibus
435 1072 539 1111 auctores
561 1070 707 1123 disciplinam
728 1070 907 1123 dispensationis
940 1070 964 1118 in

78 1133 80 1136 ”
115 1137 219 1179 Ecclesia
228 1139 286 1178 tunc
296 1136 409 1190 temporis
419 1130 538 1188 vigentem
548 1136 662 1193 explicare
673 1139 788 1179 conantur
797 1149 803 1184 3
815 1148 855 1177 cur
867 1135 964 1189 Stiegler

64 1199 66 1201 ’
115 1203 171 1246 haec
180 1203 291 1252 omiserit,
301 1213 347 1245 non
356 1202 501 1256 perspicitur.

144 1270 165 1311 2.
178 1269 281 1312 Maxime
294 1272 374 1312 tamen
386 1268 519 1310 evolvamus
532 1271 623 1321 partem
636 1269 731 1311 tertiam
746 1272 770 1310 et
781 1272 898 1322 quartam,
910 1272 962 1316 tum

114 1336 169 1390 quia
179 1339 253 1389 agunt
263 1336 290 1377 de
300 1335 395 1388 periodo
406 1335 503 1376 maximi
513 1335 627 1377 momenti
637 1336 661 1378 in
672 1335 769 1377 historia
779 1335 898 1377 doctrinae
908 1337 962 1377 inri-

90 1397 91 1400 ’
114 1402 177 1444 dicae
195 1403 223 1443 de
240 1401 427 1454 dispensatione;
444 1403 495 1441 tum
512 1402 568 1454 quia
583 1401 677 1454 plurimi
693 1402 770 1443 tontes
785 1402 869 1443 inediti
885 1403 962 1455 quoad
1000 1398 1005 1423 ’·

112 1468 171 1511 hanc
183 1468 305 1510 materiam
316 1467 436 1520 hucusque
448 1478 576 1522 numquam
587 1467 683 1509 fuerunt
706 1480 736 1509 ex
747 1467 847 1521 professo
860 1468 962 1515 examini
973 1487 977 1490 -

112 1534 211 1577 subiecti
221 1548 227 1584 ;
237 1538 289 1576 turn
298 1534 353 1588 quia
361 1532 479 1587 hucusque
490 1544 566 1586 pauca
576 1532 609 1587 (l)
619 1535 706 1587 scripta
716 1534 811 1577 fuerunt
822 1536 849 1577 de
860 1534 903 1581 hac
913 1546 962 1582 mcv

140 1719 169 1764 (1)
186 1720 280 1756 Notandi
291 1720 369 1766 *tamen
387 1718 477 1754 veniunt
496 1719 537 1754 duo
556 1719 639 1754 articuli
657 1729 670 1754 a
687 1718 775 1764 Stiegler
793 1719 916 1764 conscripti,
935 1720 956 1756 in

42 1796 45 1797 ν
111 1772 187 1811 Archiv
197 1777 233 1820 fiir
242 1774 376 1811 aaraoliscircs
388 1774 540 1817 Kircircnrecbi,
552 1776 568 1812 t.
581 1775 605 1810 77
616 1775 694 1821 (1898),
711 1785 800 1821 quorum
810 1777 867 1821 prior
878 1777 923 1820 agit
935 1770 966 1811 de'

111 1832 268 1877 dispensatione
284 1842 297 1867 a
314 1833 409 1875 tempore
420 1830 515 1866 Gratiani
526 1832 554 1865 ad
564 1832 669 1875 Rufinum
679 1842 684 1867 :
695 1832 845 1877 Dispensation
856 1832 898 1867 und
910 1832 959 1867 Dis=

110 1888 296 1933 pensationswcscn
314 1888 336 1922 in
353 1887 405 1922 ilrrer
421 1886 588 1930 pescbiclriliclren
606 1888 753 1932 Enirciclclunp
768 1897 805 1923 ron
823 1888 911 1924 Gratiam
928 1889 959 1923 bis

113 1944 180 1988 Rasin
195 1944 276 1989 (incl.);
292 1944 346 1981 aner
361 1944 404 1988 agit
417 1944 445 1977 de
461 1943 589 1987 quibusdam
605 1945 650 1979 aliis
666 1944 795 1986 Decretistis‚
811 1946 833 1979 et
848 1945 874 1979 de
891 1945 958 1979 tribus

109 2000 213 2048 prioribus
232 1999 382 2035 Decretalistis.
403 1999 537 2043 Quamquam
556 2000 577 2034 lri
595 2000 680 2035 articuli
697 2009 735 2036 sua
753 2000 846 2038 utilitate
864 2009 907 2035 non
926 2010 959 2036 ca-

109 2057 162 2098 rent,
175 2052 249 2099 tamen
261 2056 373 2091 materiam
385 2055 436 2090 satis
448 2053 574 2099 incompletc
585 2057 688 2098 tractant,
701 2065 894 2101 neque-possumus
906 2066 958 2092 non-

108 2112 171 2147 nullis
184 2121 209 2147 ex
222 2111 388 2147 conclusionibus
401 2110 487 2157 statutis
500 2111 608 2148 assentire.
621 2113 669 2147 Non
682 2113 733 2147 satis
746 2112 802 2147 enirn
827 2113 958 2149 examinasse

108 2168 194 2203 videtur
204 2168 285 2203 Auctor
295 2168 392 2202 Summas
403 2167 494 2202 ineditas
506 2167 657 2211 Coloniensenr,
670 2169 806 2213 Lipsiensem,
818 2169 957 2205 Parisiensem

108 2225 130 2258 et
139 2225 292 2266 monacensem,
302 2233 356 2268 quae
365 2224 424 2258 haud
433 2222 484 2258 levis
495 2225 545 2258 sunt
554 2225 658 2259 momenti
667 2225 688 2259 in
698 2226 738 2259 hae
747 2225 836 2260 materia
845 2235 851 2267 ;
860 2233 899 2260 nec
909 2234 957 2260 exa-

108 2280 200 2315 minavit
215 2273 489 2326 Summam'HuguccioniS,
505 2280 562 2323 qnia,
578 2281 603 2315 ut
617 2281 662 2316 ait:
677 2293 685 2312 «
695 2281 723 2315 sie
739 2280 867 2325 vollstandig
881 2290 909 2315 an
925 2281 957 2315 die

107 2336 274 2381 Ausiiihrungen
287 2336 365 2371 Rniins
377 2335 502 2370 anschliesst
510 2348 524 2372 l.
538 2337 601 2380 Quod
612 2337 689 2372 falsum
701 2337 813 2381 apparebit
825 2346 852 2371 ex
865 2337 956 2371 dicendis
1021 2336 1024 2337 ’
1037 2382 1038 2385 ¹

104 2392 130 2440 *in
143 2393 204 2436 parte
217 2393 287 2428 tertia.
303 2392 334 2427 De
348 2391 472 2433 Simonedc
484 2392 569 2427 ursiano
584 2394 672 2428 unicum
684 2393 772 2429 tantum
785 2394 870 2428 textum
885 2393 955 2436 atteri,
979 2422 982 2426 ,

108 2448 168 2495 etde
184 2448 268 2487 Ioanne,
276 2448 394 2484 Faventino
409 2447 474 2483 dicit:
489 2460 497 2479 a
507 2456 529 2482 er
543 2438 612 2483 hietet
625 2449 695 2484 nichts
709 2457 772 2484 neues
781 2462 795 2484 ll.
809 2449 875 2483 Porro
891 2448 956 2485 etiarn

106 2504 158 2540 haec
172 2507 221 2540 cu'm
234 2503 380 2540 veritate'non
394 2503 494 2539 videntur
507 2505 643 2540 concordare.
658 2504 734 2548 Quoad
747 2504 859 2541 notionem
872 2504 955 2549 dispen-

57 2598 59 2600 ,
107 2560 201 2603 sationis,
215 2553 262 2595 non
272 2559 380 2595 examinat
394 2560 500 2604 quomodo
514 2559 567 2595 haec
582 2559 727 2610 distinguatur
741 2570 754 2595 a
769 2560 892 2596 notionibus
907 2569 954 2596 con-

106 2615 165 2651 nexis
175 2626 180 2659 3
192 2624 230 2651 nec
240 2615 320 2652 indicat
328 2616 434 2659 quomodo
446 2615 544 2652 doctrina
554 2617 666 2660 profecerit
676 2616 763 2661 propter
773 2615 909 2652 collationem
919 2626 955 2653 no-

105 2671 170 2707 tionis
183 2671 344 2717 dispensationis
356 2679 408 2706 cum
425 2671 471 2706 aliis
483 2672 590 2709 connexis.
604 2672 667 2708 Plura
679 2673 716 2708 vix
728 2673 766 2707 aut
778 2681 805 2707 ne
817 2672 854 2709 vix
867 2672 955 2716 quidem

105 2727 200 2771 attingit,
214 2736 268 2772 quae
280 2728 378 2772 spectant
390 2727 499 2778 obiectum
512 2728 682 2773 dispensationis,
696 2728 739 2763 eius
750 2728 952 2773 interpretationem

58 2804 68 2809 --
105 2784 128 2818 et
141 2783 286 2820 cessationem
294 2785 390 2831 cessante
402 2782 499 2819 totaliter
514 2792 578 2820 causa
593 2785 680 2827 motiva,
690 2785 717 2819 ‘et
730 2785 842 2830 praecipue
865 2783 948 2820 omittit

84 2873 86 2875 ,
106 2848 160 2885 quae
173 2841 271 2886 spectant
283 2841 391 2876 auctorem
403 2840 572 2885 dispensationis,
585 2842 715 2887 potestatem
727 2849 803 2886 nempe
818 2841 844 2882 R.
858 2840 948 2888 Pontiii=

104 2894 134 2937 cis
146 2897 168 2932 et
180 2892 332 2947 episcoporum„
437 2887 438 2892 ’
589 2890 591 2892 ’
781 2893 782 2896 ’
878 2919 880 2921 ·
