2182 3277
69 273 70 277 Ἰ
87 226 116 268 86
136 239 180 285 ‘nn
187 239 249 270 nise.
258 216 392 269 xnncnnro
402 238 519 268 cuntium
526 238 604 274 escun
613 239 645 268 nn
655 237 765 267 crossen
773 236 928 268 onnruxnrnru
1002 232 1004 234 ’

88 343 193 396 aliquam
201 344 284 386 saltem
292 342 393 395 speciem
401 342 613 396 dispensationum,
622 354 706 397 nempe
713 346 741 384 ut
748 342 855 396 bigamus
863 356 941 387 ascen-

88 410 131 451 dat
143 410 276 462 eid-ordines
288 408 472 461 superiores,soli
484 408 513 450 R.
526 407 643 453 Pontifici
652 410 773 451 exclusive
785 412 889 451 reservat
900 408 946 462 (1)..

87 474 186 517 Constat
197 484 250 528 ergo
264 474 404 517 Gratianum
415 475 521 522 nondum
532 476 642 529 explicite
654 476 784 518 vindicasse
796 476 832 517 ius
843 471 941 518 exclusiss
981 527 984 528 ⁷
1021 494 1029 496 *

86 553 143 583 vum
160 540 189 582 R.
206 540 338 584 Pontificis.
640 561 644 562 ⁷
940 541 949 596 J

115 607 136 648 2.
153 606 261 655 Proinde,
282 608 328 651 non
347 608 442 649 videtur
461 605 576 659 stringens
596 608 706 660 probatio
726 607 898 651 confirmativa
917 611 941 648 et

27 729 29 732 y
83 672 200 717 indirecta
211 674 236 717 in
248 672 354 715 favorem
367 674 424 715 iuris
437 673 549 715 exclusivi
560 672 588 714 R.
596 673 728 723 Pontificis,
739 674 940 727 quarnSrrncnnu

29 731 30 734 ¹
86 739 182 780 deducit
194 738 227 793 (2)
250 751 279 780 ex
291 739 363 781 variis
377 739 453 788 dictis,
469 738 553 792 quibus
569 738 696 782 Gratianus
709 740 824 793 episcopis
837 740 939 792 imponit

85 804 253 858 obligationem
267 804 411 858 obsequendi
426 805 560 853 canonibus,
575 817 602 847 ac
615 805 634 847 si
649 809 817 858 consequenter
831 807 862 848 eis
875 805 939 848 viam
964 799 968 802 ’

85 866 248 924 praecluderet
263 872 292 913 ad
304 871 493 924 dispensationes
510 872 677 930 concedendas.
693 871 795 920 Etenim,
812 871 870 914 aliae
886 884 939 914 auc-

84 937 194 980 toritates
208 941 232 979 et
245 937 291 979 alia
304 937 368 979 dicta
381 937 485 979 eiusdem
498 936 592 978 Decreti
606 937 661 978 huic
674 938 805 980 sententiae
819 938 939 987 contradi·
1010 932 1011 935 ¹

84 1001 194 1056 cunt(3).
531 994 543 1000 -
678 1009 681 1010 ’

116 1063 200 1122 Itaque
215 1069 376 1113 concludimus
391 1081 445 1111 cum
460 1063 601 1110 anscnrus'
608 1068 642 1122 (4)
656 1071 680 1110 et
695 1069 810 1111 Lrnnrvun
822 1069 862 1123 (5),
883 1068 940 1112 Gra-

81 1135 175 1179 tianum
189 1135 294 1184 nondum
307 1147 414 1190 expresse
430 1135 562 1194 vindicasse
575 1135 611 1193 ius
625 1134 772 1182 exclusivum
786 1136 936 1188 dIspensandi

83 1199 112 1242 R.
123 1201 247 1244 Pontificis
258 1202 298 1242 sed
308 1201 443 1245 enuntiasse
454 1201 570 1254 principia
580 1214 641 1254 quae
650 1201 709 1242 illud
719 1201 792 1253 logice
803 1201 933 1249 continent,

20 1289 21 1292 ¹
81 1270 106 1308 et
125 1267 158 1309 sie
177 1267 297 1320 paravisse
315 1267 380 1309 viam
400 1269 430 1310 ad
448 1268 507 1308 illud
525 1267 702 1316 stabiliendum,
724 1272 795 1321 prout
814 1268 934 1315 decretum

80 1332 128 1374 tuit
143 1333 171 1376 al]
189 1333 325 1376 Innocentio
343 1333 386 1382 ΙΙΙ,
403 1344 464 1378 anno
481 1333 536 1374 1211
549 1332 590 1386 (6).
702 1324 704 1326 θ

96 1399 132 1452 ,3.
150 1400 187 1441 Ex
200 1400 342 1453 supradictis
357 1401 481 1441 deducitur
494 1400 551 1453 quid
566 1399 693 1442 Gratianus
707 1399 812 1440 docuerit
826 1398 851 1439 de
864 1399 937 1451 potes-

84 1466 129 1506 tcte
142 1465 292 1520 dispensandi
305 1467 468 1519 episcoporum.
485 1465 525 1507 lvo
540 1461 691 1508 Carnutensis
704 1468 728 1506 et
739 1465 870 1524 Bernaldus
882 1464 932 1506 llo-

82 1532 374 1575 nachusvindicaverant
395 1532 518 1585 episcopis·
532 1532 653 1585 quoddam
674 1532 710 1572 ius
733 1531 882 1584 dispensandi
895 1530 935 1584 (7).

83 1595 220 1641 Gratianus*
230 1610 337 1651 expresse
348 1610 390 1639 nec
399 1598 437 1640 ius
447 1590 594 1640 exclusivum
604 1597 633 1639 R.
645 1596 759 1638 Pontifici
769 1595 883 1645 vindicat,
896 1609 937 1639 nec

81 1667 226 1717 potestatem
239 1664 410 1717 episcoporum.
428 1664 485 1712 Into,
499 1664 567 1717 plura
580 1664 645 1706 dIcta
658 1663 753 1705 Decreti
765 1662 797 1716 (8)
820 1676 867 1719 non
879 1675 932 1716 pro-

81 1730 141 1773 bant
155 1731 251 1784 quidem
267 1730 353 1771 directe
368 1733 392 1772 et
406 1730 476 1772 modo
492 1730 626 1783 stringenti,
636 1732 664 1771 ut
678 1728 762 1771 statim
776 1729 934 1783 exposuimus,

82 1797 245 1849 denegandum
259 1809 307 1838 esse
321 1796 437 1850 eptscopis
449 1796 486 1838 ius
500 1796 658 1849 dispensandi,
673 1796 757 1837 saltem
770 1796 818 1837 iure
832 1795 934 1849 proprio,

109 1987 139 2032 (1)
155 1996 171 2023 c.
182 1987 237 2029 nr).
248 1985 346 2020 XXXIV
356 1987 377 2020 et
387 1986 437 2027 dict.
449 1985 507 2021 Grai.
519 1996 536 2021 a.
547 1986 600 2021 illud
610 1995 627 2021 c.
638 1996 642 2020 :
653 1999 659 2018 l
671 1987 789 2029 Caeterum,
807 1988 824 2022 si
834 1998 876 2023 non
884 1990 934 2027 talis

51 2077 54 2080 ,
82 2044 201 2079 concubina
214 2043 285 2084 inerit,
301 2043 321 2076 et
334 2035 394 2077 aetas
408 2042 465 2076 illius
480 2042 505 2076 de
520 2052 560 2086 quo
575 2043 652 2086 agitur,
667 2042 753 2077 futurae
767 2044 935 2081 incontinentiae

82 2100 223 2144 suspicionem
233 2098 315 2134 auterre
326 2098 464 2141 dignoscitur,
476 2098 590 2141 apostolica
600 2099 728 2132 concessione
740 2099 768 2133 ad
778 2100 875 2135 ordinem
888 2102 932 2137 clia-

82 2156 172 2190 conatus
186 2154 274 2198 provehi
287 2147 359 2198 potest
368 2149 381 2188 Ι,
835 2196 837 2198 ‚

109 2211 139 2255 (2)
156 2211 177 2246 Ο.
188 2220 211 2253 c.,
222 2219 241 2255 p.
253 2209 291 2244 367
302 2219 306 2244 ε
317 2210 366 2244 dict.
379 2209 437 2244 Grat.
448 2218 467 2244 a.
478 2218 494 2243 c.
506 2209 538 2250 10,
549 2209 574 2244 D.
586 2209 633 2243 XI:
652 2223 659 2240 1
669 2209 702 2243 Ab
713 2210 833 2253 apostolicis
844 2212 933 2248 decretis

81 2277 124 2302 non
134 2267 185 2301 ltcet
195 2260 312 2300 recedere».
324 2284 352 2289 -
362 2273 378 2300 c.
391 2265 423 2306 11,
435 2265 461 2299 D.
473 2264 506 2298 XI
517 2274 521 2298 :
532 2278 538 2296 l
548 2265 581 2299 Ab
594 2265 692 2299 omnibus
703 2266 781 2300 servari
793 2267 862 2310 debet,
875 2270 933 2311 quod

81 2324 153 2358 servat
164 2323 262 2357 Romana
273 2320 373 2357 Ecclesia.
383 2334 390 2352 u
401 2339 430 2346 -
439 2330 455 2356 c.
468 2319 486 2362 2,
498 2320 524 2356 D.
536 2320 595 2355 XII:
607 2334 614 2353 l
623 2321 751 2366 Apostolicis
764 2323 850 2358 decretis
862 2324 932 2360 nullus
963 2354 966 2359 .
994 2360 997 2361 γ

80 2379 170 2424 superbe
180 2378 272 2413 resistat.
281 2390 289 2409 u
300 2396 328 2402 —-
337 2385 354 2412 e.
367 2377 386 2419 2,
398 2377 424 2412 D.
437 2376 495 2411 XII:
508 2390 514 2409 1
526 2377 602 2415 Omnes
614 2377 742 2421 apostolicae
754 2379 872 2414 sanctiones
883 2381 932 2415 irre-

79 2435 211 2480 fragabiliter
223 2433 407 2476 suntservandae.
418 2446 425 2465 i
543 2451 545 2453 -

106 2492 136 2535 (3)
153 2492 173 2526 C.
182 2491 214 2533 47,
224 2491 245 2527 C.
254 2489 312 2531 XVI,
323 2498 342 2533 q.
352 2489 370 2524 1.
379 2498 430 2524 -c.
441 2489 458 2530 7,
469 2489 494 2523 D.
508 2488 589 2524 XXIV.

107 2547 136 2590 (4)
154 2547 175 2581 0.
189 2556 212 2588 e,
225 2547 240 2581 t.
258 2545 297 2587 III,
309 2555 330 2589 p.
345 2544 391 2580 746.

106 2603 137 2646 (5)
153 2602 175 2637 Ο.
192 2612 214 2645 n,
230 2611 251 2645 p.
268 2601 300 2637 45.
316 2601 396 2635 Auctor
411 2601 433 2635 id
448 2600 526 2644 probat
542 2601 614 2644 quoad
630 2601 761 2645 potestatem
777 2601 802 2636 R.
820 2602 930 2639 Pontiiieis

79 2658 208 2694 concedendi
218 2656 372 2701 privilegiased
381 2657 439 2691 idern
451 2655 491 2690 dici
502 2657 573 2699 potest
584 2658 655 2700 quoad
666 2657 796 2704 potestatem
808 2658 930 2702 dispensan-

79 2715 106 2756 di,
117 2715 143 2749 cl.
155 2713 223 2755 Sonu,
233 2723 250 2748 0.
261 2722 284 2754 e,
294 2723 314 2757 p.
326 2712 387 2748 10111.
404 2719 407 2721 ’
814 2758 816 2762 ¹

104 2770 134 2814 (6)
151 2769 409 2810 Cf.Hruscn1us,o.c.‚t.
425 2767 465 2808 III,
476 2777 496 2812 p.
508 2768 554 2804 746.
566 2788 593 2794 -
601 2778 618 2803 c.
629 2768 661 2810 20,
673 2768 699 2804 X.
711 2769 736 2802 de
748 2768 864 2812 electione,
876 2769 892 2812 Ι,
903 2771 925 2807 6.

102 2827 133 2870 (7)
149 2826 178 2860 Cr.
189 2833 258 2868 supra,
268 2835 288 2868 p.
300 2825 324 2859 65
333 2834 378 2869 sqq.

102 2882 133 2930 (s)
149 2881 327 2918 protentae.
338 2872 560 2925 iunxi-eii,
571 2881 595 2917 n.
606 2880 645 2918 xi.
656 2900 683 2905 -
698 2880 782 2922 cnr).
793 2880 844 2924 xii,
860 2878 899 2919 etc.
915 2914 916 2917 ,
