2139 3277
209 166 333 220 uOGTRINA
341 189 371 217 ET
378 186 520 218 LEGISLATIO
528 186 562 216 DE
570 182 709 215 POTESTATE
717 180 888 212 EPISCOPORUM
944 167 972 211 57

74 285 76 287 ’
117 308 205 344 nausis
219 296 418 351 dispensationem
431 292 580 347 pontificiam
592 287 673 334 in'hac
687 282 782 332 concedi
795 301 863 342 posse
876 288 976 342 opinan-

119 367 165 406 tur.
181 364 267 406 Scribit
280 364 343 406 enim
356 360 508 403 Hildebertus
522 359 642 402 occasione
657 356 839 410 dispensationis
852 354 972 398 Paschalis

81 471 83 473 ,
123 430 146 471 ΙΙ
159 430 183 473 in
198 430 357 485 prohibitione
371 426 541 470 investiturae:
557 441 566 463 a
575 425 712 468 uniuersalis
727 425 851 477 episcopus
867 415 974 466 omnium*

79 549 81 552 ι
119 497 179 551 leges
192 500 215 541 et
225 499 278 540 iura
288 495 362 538 habet
373 492 501 535 rescindere
512 507 520 530 n
532 490 572 544 (1).
587 490 652 532 idern
664 491 769 533 sentiunt
781 491 880 532 Pennus
892 490 973 532 Vana·
996 505 998 509 ’

119 575 213 607 Bactris
225 563 265 618 (2),
283 563 324 619 qui
340 573 387 603 non
402 562 497 602 tantum
512 557 640 599 theoretice
669 557 709 598 sed
736 558 839 609 practice
869 560 974 610 potesta-

39 615 40 618 *
106 633 170 680 'tem
190 629 341 686 pontificiam
361 625 473 680 agnoscit,
490 624 583 678 'pluries
605 622 803 675 dispensationem
824 624 971 676 pro‘aliisa

122 696 150 739 R.
162 694 279 738 Pontifice
292 694 400 748 petendo,
413 696 436 734 et
448 691 470 733 S.
481 692 641 733 Bnauaunus.
667 688 718 737 Hic,
732 700 876 743 quainqnam
898 690 974 743 Euge-

72 777 75 780 ’
123 763 188 805 nium
200 761 236 802 III
247 760 369 813 redarguit
380 760 407 801 de
419 758 517 806 abusiva
527 756 676 799 concessione
688 755 897 808 dispensationum,
908 768 975 809 prae-

124 828 204 871 sertim
217 840 246 869 ex
260 839 337 869 amore
350 818 461 880 pecuniae
474 822 515 877 (3),
530 823 663 865 nullatenus
676 823 756 864 tamen
769 822 789 863 ei
805 823 904 875 denegat
916 823 974 865 illud

123 894 168 943 ius,
188 896 258 952 prout
275 891 460 948 Episcopalistae
480 889 568 933 dicunt.

154 961 294 1003 Concludere
304 958 401 1012 proinde
410 968 532 1013 possumus
545 954 630 996 soeculi
632 967 643 995 s
655 953 703 995 IX·
703 955 744 996 XI
753 954 779 996 ub
790 955 893 997 omnibus
905 956 976 1010 scrip-

126 1026 215 1076 tortus
232 1027 308 1079 except
310 1025 329 1067 is
300 1023 467 1066 tHr'ncmuro
485 1021 632 1063 Rhemensie
634 1021 789 1064 tBurclrurclo
805 1022 974 1072 lVortrnuieuai,
1029 1075 1031 1078 Ι

118 1090 357 1147 erpttctteur'ndr‘curi
374 1087 572 1143 iusdispeucundr'
586 1100 631 1141 pon
635 1086 749 1140 filiolum
765 1100 778 1129 u
792 1087 934 1142 pluritusz'l
937 1089 977 1132 lud
1038 1105 1039 1108 ¹

127 1159 198 1200 uocari
218 1158 352 1206 irniuersule,
371 1156 412 1198 etsi
430 1168 443 1197 o
460 1154 595 1208 quibusdum
612 1153 756 1204 haesitanter,
785 1155 917 1207 praesertim
935 1155 976 1197 sub

127 1225 220 1280 influxu
234 1223 357 1266 Hincmuri
368 1224 388 1265 et
400 1220 525 1264 Bruchurdi
536 1233 542 1268 3
553 1233 568 1261 a
577 1218 718 1279 quibusdum,
735 1219 775 1262 sut
791 1221 885 1274 injlunu
901 1222 978 1266 collec-

126 1292 212 1334 tionum
230 1291 373 1340 Italicarum,
393 1288 508 1330 insinuari
525 1287 561 1329 ius
577 1285 725 1340 pontificium
741 1287 887 1334 eaeluciuum.

454 1453 647 1468 *-·-·—-—-—-—

405 1609 406 1612 ,
469 1570 572 1615 CAPUT
588 1572 608 1613 V

170 1730 295 1773 Doctrina
307 1733 333 1772 et
344 1729 474 1784 legislatio
491 1733 561 1774 circa
577 1733 736 1786 potestatem
753 1710 937 1787 episcoporum

159 1880 324 1935 Competentia
344 1882 507 1935 cpiscoporum
528 1896 541 1925 a
561 1880 714 1935 scriptoribus
734 1880 889 1928 diversimode
911 1880 985 1933 expli-

130 1950 195 1991 catur
210 1950 287 2001 prout,
302 1947 327 1989 in
341 1938 692 2000 multiplicibusiurisdictionis
706 1947 794 1995 litibus,
810 1947 907 1990 saeculis
922 1945 945 1987 X
961 1949 984 1988 et

132 2013 168 2055 XI
185 2014 274 2057 exortis
287 2011 327 2067 (4),
345 2012 513 2056 favebant'vel
528 2014 690 2056 reformationi
706 2012 758 2055 ΗΒ,
775 2012 927 2062 Pontificum,
946 2013 984 2055 vel

131 2080 253 2134 episcopis.
271 2079 417 2132 Impossibile
432 2081 529 2132 proinde
544 2084 580 2123 est
595 2075 748 2123 determinare
763 2092 805 2133 pro
820 2079 864 2123 hac
880 2079 983 2133 periodo,

134 2158 250 2200 quaenam
262 2145 336 2188 fuerit
350 2146 456 2188 doctrina
465 2148 492 2189 de
502 2146 642 2190 habitudine
655 2146 716 2188 inter
729 2150 873 2199 potestatem
884 2146 912 2188 R.
923 2145 984 2188 Pon·

130 2214 203 2257 tiliois
220 2217 244 2255 et
261 2214 424 2267 episcoporum
435 2212 499 2256 Haec
512 2217 607 2257 tantum
617 2212 777 2263 adumbratur,
792 2217 816 2256 et
828 2213 920 2257 nonnisi
930 2216 984 2266 post

132 2280 228 2334 longum
240 2284 337 2333 tempus
354 2278 493 2322 stabilietur.

162 2347 181 2389 1.
198 2346 330 2389 Cardinalis
344 2346 490 2387 Dnusonnrn
500 2348 527 2390 de
540 2349 659 2400 potestate
672 2347 835 2400 episcoporum
848 2347 984 2400 dispensan-

132 2412 155 2454 di
167 2425 214 2456 non
226 2413 275 2469 agit
287 2410 319 2466 (5)
330 2425 336 2460 ;
361 2412 494 2455 Ansacnos
506 2413 629 2455 Lucensis
647 2424 698 2473 eam
709 2413 765 2467 ipsis
778 2414 885 2466 denegat,
898 2413 982 2456 saltem

207 2691 312 2727 Liber
322 2690 345 2724 de
358 2689 529 2735 Consideroiione,
541 2691 554 2727 l.
567 2691 585 2733 4,
598 2700 614 2727 c.
627 2691 644 2727 7
658 2692 858 2735 -Tnonassnma
872 2692 884 2728 l.
896 2702 919 2734 c,
931 2702 952 2728 n.
964 2691 984 2728 4.

207 2747 513 2791 (lf.‚Sn1noJ.E1z0m.„p.135
523 2747 603 2784 notan.

207 2803 236 2839 ct
252 2802 431 2846 Festinantem
447 2804 519 2839 De'cret
534 2804 557 2864 cte
575 2803 688 2845 Buroburrt
716 2803 737 2838 in
753 2804 844 2848 R...HE‚
872 2805 888 2841 t.
906 2805 937 2847 12,
966 2814 988 2853 p.
