2139 3277
53 185 65 214 '.
95 236 97 238 ,
143 179 700 240 ¹¹nocturnenncministraturisDE(cessarione
709 187 977 237 DISPENSATIONUM135
1000 252 1002 254 v

126 318 156 361 ob
171 328 243 372 quam
257 314 305 358 fun
320 315 508 367 concessanam
522 334 530 357 1
541 319 560 360 si
574 318 632 374 quid
646 331 688 372 pro
703 316 846 361 necessitate
860 314 975 369 temporis
1021 366 1025 374 „

68 382 71 386 ’
127 385 178 426 erat
193 379 321 431 statutum,
338 379 444 427 cessante
460 377 601 427 necessitate
616 384 705 439 pariter
721 386 811 426 cessare
828 381 900 424 debet
914 381 978 435 quod

102 484 104 486 ,
125 447 233 502 urgebat,
247 448 304 502 quia
316 449 377 507 alius
390 452 426 492 est
438 451 494 500 ordo
504 441 646 504 legitimus,
660 451 706 493 alia
719 449 843 503 usurpatio
854 463 864 487 11
874 447 915 502 (1).
930 446 979 488 Ru·
1032 502 1034 507 ,

126 525 197 556 ninus
213 517 294 558 tamen
312 516 402 572 optime
419 517 522 570 explicat
539 518 657 571 quomodo
676 519 782 559 cessante
800 528 871 558 causa
887 515 979 557 motiva

87 580 89 582 ’
126 594 173 625 non
186 580 293 624 aufertur
306 582 460 639 dispensatio,
473 596 534 637 quae
547 596 594 626 non
607 582 681 625 habet
692 585 798 625 tractum
810 581 976 629 successivum,

125 660 221 701 seuper
235 660 308 702 quam
323 648 431 691 aufertur
443 649 567 706 vinculum
581 649 638 702 legis
653 650 758 703 unicum,
773 658 820 701 vg.
835 649 931 702 quando
947 659 975 689 ex

126 714 302 769 dispensatione
313 717 381 757 actus
390 715 554 758 irrevocabilis
565 718 601 757 est
610 716 711 769 positus.
724 714 762 756 Ita
773 727 803 756 ex
812 713 971 767 dispensatio

125 794 154 824 ne
171 780 200 823 ab
216 781 393 833 irregularitate
411 781 440 823 ob
458 794 554 825 causam
572 781 721 824 necessitatis
738 785 856 828 concessa,
873 779 977 832 legitime
1008 810 1009 813 η

124 849 247 901 promotus
266 848 297 889 ad
315 849 422 891 ordinem
439 847 627 902 presbyteralem
644 847 734 890 retinet
750 846 787 888 ius
805 845 894 888 ordinis
912 857 978 887 exer*

127 914 195 956 cendi
210 915 339 968 postquam
355 915 414 957 haec
430 927 500 957 causa
516 915 666 957 necessitatis
682 913 793 956 cessavit.
810 912 924 954 Etenim:
940 927 948 949 (1
960 910 978 953 si
991 913 995 915 ”

125 974 189 1024 hunc
203 981 367 1037 promovimus
381 994 424 1035 pro
439 982 587 1031 necessitate,
604 984 711 1024 cessante
725 980 770 1022 hac
786 978 928 1021 necessitate
942 977 977 1030 ip,-

125 1059 177 1089 sum
192 1047 308 1103 deponere
323 1059 370 1090 non
385 1047 496 1090 debemus
507 1063 515 1086 1
527 1047 568 1101 (2).
585 1048 646 1089 Item
661 1047 785 1089 Sicannus
797 1043 976 1087 irrevocabilem

125 1113 230 1162 declarat
249 1113 450 1166 dispensationem
468 1114 573 1167 legitime
592 1126 726 1156 concessam
755 1124 797 1165 pro
824 1110 975 1154 matrimonio

122 1179 185 1222 inter
196 1180 383 1232 consanguineos
393 1181 418 1222 in
429 1181 500 1223 tertio
512 1174 587 1234 gradu
599 1179 762 1223 contrahendo
775 1177 817 1231 (3).
830 1175 910 1220 'Hanc
924 1177 977 1220 doc

75 1247 82 1290 J
124 1246 211 1290 trinam
225 1249 249 1288 et
262 1246 301 1289 alii
313 1244 347 1300 (4)
360 1249 450 1305 tenent.

64 1347 66 1350 ,
153 1313 174 1354 2.
192 1311 294 1372 Rufinus
306 1313 403 1367 insuper
416 1313 505 1367 optime
517 1313 610 1356 indicat
623 1312 732 1366 quomodo
748 1324 819 1354 causa
833 1323 923 1354 cessare
937 1311 976 1352 de·

57 1382 59 1384 ’
123 1378 187 1428 beat,
205 1382 233 1421 ut
250 1378 435 1431 dispensationis
453 1379 554 1421 eiiectus
572 1382 654 1421 cesset.
673 1373 863 1422 Commentando
880 1379 975 1419 textum
1034 1398 1037 1400 ·

124 1445 209 1489 Leonis
222 1445 257 1494 La
270 1444 385 1489 Gratiano
398 1446 526 1499 allegatum
539 1445 573 1499 (5)
584 1461 592 1484 r
602 1447 666 1500 quod
678 1445 860 1497 necessitaspro
871 1443 974 1486 remedio

123 1512 223 1557 invenit,
240 1515 347 1554 cessante
360 1513 446 1567 'utique
461 1513 604 1556 necessitate
620 1512 691 1554 debet
707 1524 797 1554 cessare
812 1510 902 1563 pariter
917 1509 974 1551 illud

102 1628 104 1630 v
125 1578 184 1631 quod
195 1577 296 1634 urgebat
307 1578 360 1621 iieri
373 1580 519 1622 necessitas»
531 1579 629 1621 scribit:
642 1595 651 1617 l(
660 1579 726 1621 istud
739 1576 798 1630 quod
809 1576 910 1619 refertur
922 1576 976 1618 sim*

124 1645 217 1699 pliciter
230 1657 277 1688 non
291 1645 467 1699 singulariter»,
481 1646 533 1688 aliis
545 1643 690 1695 verbisncn
703 1644 804 1687 refertur
817 1644 847 1686 ad
860 1643 981 1696 singulam·
1035 1639 1038 1642 ⁴

124 1709 325 1764 dispensationem
341 1712 446 1765 legitime
462 1712 594 1761 obtentam,
612 1712 678 1754 cuius
693 1711 795 1754 effectus
810 1710 909 1763 proinde
926 1722 973 1751 ces-

124 1791 174 1821 sare
187 1777 299 1825 deberet;
312 1778 353 1820 sed
364 1777 465 1820 refertur
477 1777 507 1819 cd
519 1778 594 1832 ipsam
606 1773 789 1831 dispensationis
801 1775 973 1824 concessionem,

121 1846 157 1887 ita
168 1847 196 1886 ut
208 1846 315 1886 cessante
328 1845 468 1887 necessitate
480 1844 509 1886 ob
520 1857 592 1902 quam
600 1845 665 1898 prius
678 1843 823 1898 dispensatio
836 1843 909 1885 fuerit
922 1854 975 1886 con=

122 1924 193 1960 cessa,
212 1910 260 1951 tam
279 1923 326 1953 non
345 1912 489 1954 concedatur
506 1924 570 1954 nova
588 1911 717 1965 similisque
737 1910 890 1963 dispensatio.
903 1909 976 1952 «Non

123 1977 185 2019 enim
196 1976 215 2018 si
225 1976 286 2017 1111110
292 1977 459 2029 'promovimus
470 1990 512 2036 pro
524 1978 810 2027 necessitate,...cessante
820 1975 866 2018 hac
877 1976 976 2019 necessi-

121 2045 173 2085 tate
188 2042 266 2099 ipsum
283 2043 400 2095 deponere
417 2042 535 2085 debemus.
554 2043 599 2085 Sed
615 2045 675 2096 puta
691 2043 711 2085 si
727 2054 769 2096 pro
787 2042 929 2085 necessitate
946 2040 974 2084 ab

121 2109 240 2151 haeretico
261 2109 399 2152 ordinatum
419 2110 589 2163 promovimus,
610 2113 718 2152 cessante
739 2109 881 2152 necessitate
901 2121 976 2150 cessa-

121 2175 158 2216 bit
169 2175 287 2228 promotio
299 2176 324 2218 in
334 2175 458 2226 similibus,
470 2176 527 2230 quia
538 2178 597 2218 tunc
609 2176 668 2219 alius
679 2175 709 2218 ab
721 2175 840 2218 haeretico
852 2175 976 2217 ordinatus

122 2254 168 2287 non
182 2241 369 2299 promovebitur.
384 2242 417 2283 Et
429 2242 472 2284 hoc
486 2243 608 2291 exaudias
623 2242 667 2285 nisi
682 2242 773 2297 aliquid
785 2241 835 2283 loco
850 2242 976 2284 necessita-

121 2308 153 2349 tis
169 2310 288 2357 succedat,
307 2311 334 2350 ut
349 2309 458 2358 utilitas3
475 2309 494 2351 si
510 2309 580 2359 enim,
598 2312 690 2352 remota
706 2309 848 2356 necessitate
864 2308 976 2350 succedat

121 2375 221 2425 utilitas,
232 2378 291 2421 tunc
301 2388 349 2421 11011
360 2367 461 2423 cessabit
471 2377 535 2434 quod
545 2376 597 2418 lieri
608 2376 735 2420 necessitas
746 2374 921 2430 compellebat»
933 2373 974 2429 (6),

155 2540 485 2586 summe)colomens1scod
496 2550 535 2577 ms.
547 2541 583 2578 cit
594 2541 630 2577 101.
643 2541 675 2577 33

166 2598 275 2642 )Surnnra
291 2597 343 2641 Ru
325 2599 375 2641 mr
388 2598 446 2634 ade.
460 2598 479 2641 5,
493 2598 514 2634 C
530 2597 546 2640 Ι,
561 2608 581 2642 q
596 2598 614 2641 7,
627 2598 719 2639 Srucnn,
733 2605 753 2641 p
767 2596 813 2632 235.

165 2654 238 2699 )Cod.
251 2661 289 2689 ms
303 2653 388 2690 citici.
401 2654 446 2690 150.

164 2711 172 2756 )

146 2542 165 2587 (1

143 2598 164 2642 (2

143 2654 163 2698 (3

142 2710 163 2754 (4
188 2710 274 2746 summo
290 2709 328 2745 Co
329 2719 427 2752 oniensis
454 2710 499 2746 cod
515 2718 554 2746 ms.
571 2709 714 2752 011.101,34·;
731 2708 818 2744 Summe
841 2709 967 2754 Lipsiensis,

116 2768 161 2803 cod.
174 2775 212 2804 ms.
225 2767 261 2802 cit.
273 2764 309 2802 101.
323 2765 377 2808 103;
391 2765 421 2802 10.
433 2766 570 2808 Faventinus,
582 2767 628 2803 cod.
641 2775 679 2802 ms.
692 2766 728 2803 cit,
740 2764 777 2801 101.
799 2765 838 2808 50;
851 2766 966 2809 Hupuceio,

115 2825 161 2860 cod.
170 2831 209 2859 ms.
218 2823 253 2859 cit.
263 2822 330 2860 Paris,
339 2831 360 2858 n.
369 2822 429 2870 3892,
437 2822 473 2858 iol.
483 2822 541 2866 1257,
550 2822 588 2860 col.
598 2823 624 2859 2.‘

144 2878 361 2924 mesenen

145 2935 175 2985 (6)
191 2935 278 2977 Summo
290 2934 375 2980 Rufini,
392 2935 403 2971 l.
415 2943 430 2979 0,
