2182 3277
98 187 148 232 136,
266 201 300 230 ms
312 200 547 232 urseunsnrronmns
560 200 626 231 Aeno
639 193 807 232 nucuurrs'ras

58 364 61 367 Ι
100 307 202 351 Proinde
213 308 233 349 si
246 309 390 363 dispensatio
402 309 477 352 habet
487 312 593 352 tractum
605 310 845 358 successivum,causa
856 309 951 352 motiva

100 375 208 418 totaliter
220 386 310 418 cessare
323 375 400 425 debet,
413 371 441 418 nt
453 376 599 429 dispensatio
609 368 694 419 cesset.
706 376 773 418 Haec
784 390 831 420 non
843 380 921 420 cessat
932 378 952 419 si
1014 371 1016 375 ’

101 454 171 485 causa
186 442 337 488 necessitatis
352 441 382 483 tit
398 442 477 486 minus
493 452 585 495 urgens,
603 446 627 485 et
643 444 725 486 evadit
742 443 812 487 causa
828 444 950 486 utilitatis.

103 508 175 558 Idem,
195 510 284 552 eisdem
300 507 348 551 iere
365 509 452 558 verbis,
470 511 553 554 tenent
564 509 662 552 Summa
672 509 824 557 Colonien‘sis,
844 523 905 564 quae
917 511 947 553 ad

102 576 327 631 interpretationem
342 574 426 617 Rufini
439 576 547 628 alludere
563 575 659 618 videtur
670 576 711 630 (1),
730 579 754 617 et
770 576 899 629 Lipsiensis
909 576 957 630 (2),
998 595 999 598 ¹

92 659 94 661 >
132 642 360 696 Eamdem·quoque
378 642 510 685 doctrinam
539 645 677 696 proponunt
695 642 805 683 Ioannes
830 642 953 683 1111111111-

100 719 148 750 uus
159 709 192 763 (3)
205 711 229 751 01
241 708 373 750 Hueeccro
386 707 427 762 (4),
440 721 483 752 nec
495 708 539 750 sibi
551 709 712 753 contradicere
724 710 816 752 dicendi
829 713 886 751 sunt
897 711 953 765 quia

101 776 204 829 generali
215 776 288 818 niodo
302 774 433 824 affirmant,
447 791 456 813 1
466 776 502 817 his
516 776 593 819 causis
606 776 755 819 cessantibus
767 776 894 830 frequenter
908 777 954 829 dis·

103 843 211 897 pensatio
222 845 300 885 cessat
311 839 327 884 n}
337 842 391 885 Non
402 843 465 885 enim
474 842 605 885 intendunt
615 841 743 891 affirmare,
755 846 783 884 ut
792 843 895 890 videtur,
908 843 954 885 dis-

67 919 70 931 *
103 909 268 965 pensationem
283 908 312 950 ob
328 909 483 951 cessationem
497 908 597 950 totalem
612 909 815 967 causaemotivae
829 921 892 952 nunc
906 917 964 951 ces·

103 988 161 1024 sare,
176 979 234 1018 tune
250 978 331 1017 autem
344 987 466 1018 remanere
479 974 504 1016 in
517 974 606 1027 vigore,
622 975 662 1016 sed
677 975 706 1017 ad
722 975 856 1018 doctrinam
870 975 955 1017 Rufini
999 970 1002 975 ’

103 1042 219 1091 alludunt,
231 1044 350 1096 quatenus
360 1043 468 1084 cessante
479 1053 549 1083 cansa
559 1040 652 1083 motiva
662 1036 807 1094 dispensatio
818 1041 955 1097 frequenter

103 1108 143 1150 sed
157 1120 204 1150 11011
218 1120 310 1161 semper
325 1109 407 1157 cessat,
423 1107 480 1162 quia
493 1106 625 1155 identidem
639 1120 710 1151 causa
723 1108 815 1151 motiva
828 1121 870 1162 pro
884 1111 953 1163 parte

102 1177 197 1218 tantum
215 1177 299 1217 cessat.

132 1240 152 1283 3.
171 1241 295 1282 Srenanus
311 1243 402 1283 tractat
418 1241 514 1294 insuper
532 1242 560 1282 de
578 1241 708 1283 cessatione
727 1241 910 1295 dispensationis
930 1240 955 1282 ob

104 1307 153 1349 eius
169 1302 333 1349 revocationem
349 1319 390 1360 per
409 1306 576 1360 lepislutorem3
595 1308 662 1349 cuins
678 1310 775 1350 textum
793 1308 865 1350 etiam
881 1308 955 1350 refert

104 1375 200 1421 Summa
224 1374 361 1433 Lipsiensis,
386 1387 447 1428 quae
471 1375 496 1416 in
520 1374 601 1416 multis
618 1373 722 1422 §icardo
747 1374 827 1417 aiiinis
851 1375 955 1420 videtur,

105 1441 243 1493 Quaestioni
256 1456 265 1478 1
276 1453 306 1484 an
321 1441 458 1498 dispensata
471 1454 485 1483 a
498 1441 676 1498 praedecessore
689 1443 790 1494 possunt
802 1441 924 1485 immutari
940 1455 953 1484 a

105 1520 237 1554 successore
247 1522 256 1545 1
266 1508 302 1549 ita
312 1508 440 1565 respondet
451 1520 456 1547 :
468 1522 477 1544 1
488 1507 511 1548 Si
524 1507 631 1548 decessor
641 1507 666 1550 in
678 1507 758 1561 aliquo
770 1508 865 1560 negotio
879 1507 956 1552 admi·

104 1575 136 1617 sit
149 1573 357 1633 dispensationem,
371 1576 431 1633 puta
444 1586 486 1632 pro
499 1573 651 1617 matrimonio
664 1574 688 1616 in
701 1574 774 1616 tertio
787 1575 868 1627 gradu,
882 1574 954 1617 refert

105 1640 321 1699 utrum-dispenset
334 1653 362 1682 ex
375 1643 439 1683 certa
453 1640 605 1688 conscientia,
619 1643 716 1699 propter
729 1641 863 1685 evidentem
876 1654 956 1685 neces-

105 1707 202 1751 sitatem
213 1707 253 1749 vel
265 1707 396 1750 utilitatem
410 1709 434 1749 et
456 1709 521 1756 tunc,
544 1707 649 1749 inanime
671 1711 784 1751 manente
806 1720 883 1757 causa,
906 1720 954 1752 non

105 1776 211 1820 nrutetur
226 1787 239 1819 a
253 1785 393 1823 successore,
408 1774 453 1817 nisi
469 1773 617 1832 dispensavit
631 1777 714 1820 eontra
727 1776 821 1820 statuta
834 1774 956 1832 indispen*

134 1971 164 2017 (1)
180 1971 230 2007 Cod.
242 1978 282 2007 nis.
294 1970 331 2006 cit.
342 1969 378 2006 iol.
391 1969 445 2007 1031,
457 1982 465 2001 1
476 1970 572 2007 cessabit
582 1970 604 2005 in
616 1970 722 2014 quantum
735 1970 793 2015 quod
805 1971 902 2014 urgebat,
914 1980 958 2005 non

107 2029 133 2063 ut
144 2036 196 2073 quos
208 2027 237 2062 sie
248 2027 396 2073 promovimus
408 2027 504 2064 cessante
516 2027 644 2062 necessitate
656 2027 796 2071 deponamus,
808 2028 844 2061 sed
856 2026 957 2066 similium

108 2085 199 2121 cessabit
212 2084 327 2128 promotio,
341 2084 384 2117 nisi
399 2084 420 2117 in
436 2083 502 2117 locum
514 2084 644 2118 necessitatis
657 2083 729 2117 subeat
742 2083 848 2119 utilitas...
867 2083 958 2126 Quinem

108 2142 137 2175 sic
145 2141 316 2185 interpretantur
324 2140 446 2177 textuni...»,
459 2138 556 2176 Iamvero
565 2140 601 2174 alii
610 2140 837 2184 Decretistae‚praeter
845 2140 959 2182 Rufinum,

107 2198 157 2233 ante
167 2198 281 2233 Summam
292 2196 438 2231 Coloniensem
449 2196 572 2238 scribentes,
584 2196 625 2230 1100
636 2206 678 2231 non
690 2196 774 2231 docent.

136 2253 231 2297 (210001.
246 2261 285 2288 ms.
301 2252 336 2288 cit.
351 2252 386 2288 iol,
398 2252 445 2287 103r
464 2252 536 2295 «Quod
550 2252 576 2286 ob
591 2252 741 2287 necessitatem
754 2252 904 2286 introductum
918 2252 957 2295 est,

109 2318 133 2347 ea
145 2309 240 2347 cessante
253 2309 318 2343 debet
330 2316 410 2343 cessare
422 2310 480 2352 quod
491 2308 588 2352 urgebat.
603 2307 664 2343 Istud
676 2309 733 2353 quod
746 2307 811 2343 dehet
821 2309 894 2343 1010111
907 2308 956 2342 stm-

108 2366 191 2411 pliciter
202 2375 245 2401 non
258 2365 399 2409 singulariter,
413 2375 455 2401 non
468 2364 525 2399 enim
536 2365 554 2399 si
565 2373 592 2399 ex
603 2365 731 2400 necessitate
744 2365 836 2409 aliquem
848 2366 956 2410 promovi-

108 2431 161 2464 mus,
178 2422 275 2460 cessante
290 2422 418 2459 necessitate
434 2421 463 2465 [in
479 2421 552 2465 margi
570 2429 618 2455 eum
634 2422 738 2466 deponere
755 2422 856 2456 debemus
866 2432 877 2467 ;,
888 2422 925 2455 sed
941 2421 959 2455 si

108 2479 234 2515 necessitate
248 2478 344 2513 instante
358 2479 385 2513 ab
400 2478 493 2513 heretico
509 2477 632 2514 ordinatum
646 2478 800 2521 promovimus,
816 2485 840 2512 ea
854 2478 959 2519 cessante,

108 2535 180 2577 similis
194 2535 286 2569 cessabit
296 2535 410 2579 promotio,
423 2535 446 2568 et
456 2534 497 2569 hoc
509 2533 610 2568 exaudias
622 2534 663 2568 nisi
674 2534 719 2569 leco
732 2534 865 2569 necessitatis
877 2533 959 2577 aliquid
1004 2550 1006 2554 ν

109 2592 209 2629 succedat
219 2592 244 2626 ut
253 2590 344 2627 utilitas,
356 2592 376 2626 Si
385 2591 469 2625 remota
479 2590 607 2626 necessitate
617 2589 714 2635 [utilitas]
726 2590 834 2633 succedat,
853 2590 906 2625 tnnc
916 2600 960 2625 non

108 2649 200 2694 cessabit
216 2649 274 2691 quod
289 2648 336 2682 iieri
352 2648 467 2683 necessitas
484 2646 633 2690 comperiebat,
650 2647 709 2682 verbi
725 2648 802 2691 gratia,
820 2648 908 2691 cogente
924 2655 959 2690 pe-

108 2704 169 2741 nuria
182 2704 306 2739 clericorum
318 2704 446 2748 permissum
459 2703 492 2736 est
504 2704 529 2737 ut
541 2703 641 2737 monaehi
653 2705 822 2747 promoveantur
833 2704 861 2738 ad
875 2703 959 2740 clerica-

108 2762 161 2796 tum.
177 2761 276 2796 Cessante
289 2760 330 2795 hac
342 2755 469 2795 necessitate
482 2769 525 2795 non
538 2759 630 2798 cessabit
642 2760 749 2804 promotio
764 2760 894 2804 clericorum,
909 2759 960 2803 quia

107 2817 153 2852 loco
161 2817 294 2854 necessitatis
301 2817 384 2852 utilitas
392 2816 421 2861 [in
429 2816 503 2860 marg]
512 2816 607 2851 succedit
613 2828 627 2851 1,
917 2810 919 2813 ’

137 2872 167 2917 (3)
183 2873 233 2909 Cod.
249 2882 287 2910 ms,
303 2873 339 2909 cit.
355 2873 390 2910 iol.
407 2873 440 2916 50,
456 2871 494 2908 col.
510 2872 529 2909 2.
611 2892 613 2894 -

137 2928 167 2975 (4)
183 2929 232 2967 Ced.
242 2937 281 2966 ms.
291 2928 327 2967 eit.
337 2929 403 2973 Paris
413 2940 433 2968 n.
444 2927 505 2972 3892,
514 2927 550 2965 iol.
560 2927 618 2971 125V.
627 2926 667 2967 eol,
676 2928 698 2969 2.-
