2182 3277
47 2145 49 2149 r
95 2128 144 2165 te.

75 163 78 164 ’
97 157 140 200 168
253 170 533 203 nsorsrsusarromsus
546 171 611 201 APUD
620 169 826 217 nuenarnirsrns

96 278 253 326 admittentes
267 278 428 335 poenitentias
443 291 456 321 a
469 278 519 332 iure
534 291 584 321 esse
599 278 895 333 definitas,eonsequenter
909 289 963 320 con·
1024 321 1033 334 p

95 344 205 392 fessarios
221 344 328 387 mitiores
343 346 494 403 imponentes
511 345 647 403 dispensare
659 345 789 389 ‘affirmant
800 344 842 399 (1).

125 411 166 460 At,
177 414 204 453 ut
211 409 274 457 infra
283 412 367 454 melius
377 412 454 454 adhuc
464 404 566 468 patebitss
574 412 619 463 ,has
627 413 707 456 varias
717 412 906 469 dispensationes
915 421 962 453 non

96 477 198 535 andiunt
211 490 281 523 sensu
293 478 397 534 proprio,
412 490 467 521 nam
479 477 542 525 inter
556 478 656 522 effeetus
670 477 854 535 dispensationis
867 477 961 533 proprie

96 544 175 585 dictae
187 543 234 589 iam
247 556 296 588 non
308 548 443 587 memorant
455 544 619 594 remissionem
631 536 671 587 vel
681 544 857 598 mitigationem
870 555 961 599 poenae

94 607 246 663 infligendae.
264 609 333 662 Quod
356 610 430 653 etiam
445 613 514 666 patet
529 611 681 666 exsstextihus
696 615 749 654 tum
766 610 913 652 lunocsurn
929 608 963 651 IV
999 614 1000 618 ’
1057 608 1059 610 ’

95 676 196 719 dicentis
207 689 213 717 ε
223 692 232 715 «
243 689 291 720 non
303 677 391 719 dieitur
403 677 573 732 dispensarem
584 679 666 733 poenis
676 678 826 733 imponendis
837 692 845 715 >J
858 676 898 730 (2),
910 678 963 720 tum

97 742 201 785 tenuius
214 754 248 784 DE
262 742 326 793 Duo,
361 738 487 799 qui'doeet
500 744 591 797 legatos
607 744 685 787 aleco
700 757 768 800 posse
783 744 919 799 dispensare
937 744 962 787 in

94 810 177 865 poenis
191 810 229 852 vel
244 811 406 868 poenitentiis,
422 826 430 848 r
441 822 488 855 non
503 813 585 854 tamen
600 811 753 856 contraius»
767 823 808 853 seu
822 810 886 855 «nisi
901 812 962 852 esset
1029 832 1030 835 =

95 879 180 922 contra
204 876 240 920 ius
250 891 260 915 r
272 875 313 930 (3).

279 1056 289 1108 §
301 1054 322 1099 3.
334 1078 365 1085 —-
376 1055 412 1097 De
422 1055 595 1110 dispensatione
607 1057 629 1098 et
638 1056 761 1123 privitepio

125 1184 145 1228 1.
164 1184 311 1228 Glossatores
322 1184 393 1227 huius
405 1184 496 1239 periodi
508 1186 614 1229 nondum
625 1186 731 1240 perfecte
743 1184 938 1239 dispensationem
951 1197 963 1226 α

93 1251 216 1306 priuitepio
230 1252 384 1305 distinguunt
395 1250 437 1305 (4).
453 1251 527 1306 Saepe
542 1253 605 1296 enim
620 1252 772 1306 privilegium
786 1255 882 1301 vocant,
899 1253 963 1307 quod

92 1319 162 1361 iuxta
174 1317 340 1361 definitionem
352 1318 436 1362 Rufini
449 1319 575 1361 dicendum
588 1322 649 1361 esset
661 1312 815 1372 dispensatio,
828 1321 853 1360 et
864 1319 963 1372 promis-

94 1399 136 1428 cue
151 1384 226 1427 verba
240 1399 249 1421 r
259 1384 411 1438 privilegium
426 1388 450 1426 et
466 1385 687 1443 dispensationem»
704 1385 826 1428 adhihent.
845 1385 882 1428 Ita
898 1384 963 1426 Hos-

93 1462 190 1492 Trsnsrs
204 1451 290 1494 docens
304 1452 368 1505 quod
381 1451 552 1504 «privilegium
565 1463 612 1496 non
626 1451 714 1501 subito,
729 1452 769 1493 sed
782 1464 811 1493 ex
823 1461 911 1504 magna
924 1453 963 1494 de-

92 1517 242 1566 liberatione,
253 1530 295 1560 nec
304 1517 354 1561 sine
363 1517 492 1566 narnatino
503 1530 531 1559 ex
540 1521 605 1560 certa
614 1518 707 1562 ratione
716 1518 747 1560 sit
756 1513 934 1561 concedendum
944 1533 961 1567 n,

93 1584 231 1629 concludit:
250 1583 324 1628 «inde
343 1595 391 1626 non
410 1586 445 1625 est
462 1583 574 1626 facienda
594 1585 740 1638 dispensatio
759 1584 809 1626 sine
827 1596 908 1627 eausa»
920 1584 962 1637 (5).

66 1660 70 1667 ’
92 1651 299 1698 Aneummcouus
312 1649 445 1703 promiscue
458 1650 566 1704 loquitur
580 1652 608 1692 de
620 1650 960 1704 indulgentiadispensatione

93 1721 118 1761 et
129 1717 253 1776 privilegio
264 1729 270 1765 3
283 1719 307 1758 et
319 1716 484 1771 quaestionem
497 1718 617 1771 quomodo
630 1718 661 1759 sit
671 1717 880 1771 interpretandum
892 1715 963 1759 bene-

93 1901 166 1941 tentiis
180 1903 200 1941 et
212 1901 387 1944 remissionibus3
403 1900 546 1943 seirannus,
561 1900 656 1942 Summo,
669 1900 698 1935 ad
711 1899 747 1935 tit.
763 1899 840 1935 Deliis
855 1901 890 1943 qut
903 1901 963 1945 titios

92 1958 227 2002 occideruni3
241 1959 273 1995 Io.
284 1968 316 1993 ms
328 1958 386 2002 Duo,
400 1959 451 1994 Cod.
464 1966 503 1993 ms.
517 1958 554 1993 eit.
567 1956 604 1992 iol.
619 1956 650 2001 50,
665 1956 687 1990 et
699 1956 736 1992 alii
747 1957 875 2000 praesertim
887 1959 918 2003 ad·
927 1958 962 1994 tit.

94 2016 125 2051 De
135 2017 274 2060 poenitentiis
284 2017 305 2050 et
313 2014 481 2050 remissionibus.
492 2033 520 2038 —-
530 2014 583 2048 Dico
595 2013 784 2057 generatim,.quta
795 2010 884 2057 quidam
895 2014 962 2051 etiam

91 2072 212 2117 loquuntur
227 2074 252 2108 de
266 2072 428 2117 dispensatione
441 2071 464 2106 tn
478 2070 618 2115 poenitentiis
632 2069 761 2106 arbitrantis
775 2070 805 2105 Cf.
821 2069 963 2114 Gorrnsnus

121 2185 152 2229 (1)
166 2184 230 2227 lorus
241 2185 291 2220 Drso
301 2193 306 2219 ε
318 2197 325 2216 e
336 2184 370 2219 Sic
382 2184 416 2218 est
426 2155 545 2218 tenendum
558 2162 617 2226 quod
628 2191 666 2226 pro
679 2176 815 2226 quocumque
827 2164 916 2218 mortali
928 2183 963 2218 de-

41 2277 43 2281 ,
93 2241 130 2276 bet
145 2236 260 2285 septennis
270 2240 353 2284 imponi
368 2239 504 2284 poenitentia
519 2240 535 2273 si
551 2239 620 2276 maior
634 2238 668 2274 vel
683 2239 753 2273 minor
768 2247 811 2273 non
824 2238 936 2274 invenitur
951 2250 964 2276 a

93 2299 238 2335 canone...sed
246 2298 321 2332 tamen
331 2297 422 2331 dicimus
432 2297 490 2340 quod
498 2295 573 2340 potest
582 2295 688 2332 moderari
697 2304 709 2330 a
719 2296 830 2330 sacerdote
839 2304 866 2330 ex
875 2305 963 2333 causa...

91 2354 166 2398 potest
176 2361 224 2398 ergo
235 2354 349 2399 presbyter
360 2353 484 2402 dispensare
493 2352 516 2387 in
525 2351 675 2399 poenitentiis>
683 2351 768 2387 ratione
780 2353 832 2387 duee
843 2352 964 2388 considera-

92 2401 120 2446 tis
132 2411 318 2447 considerandis».
332 2410 382 2445 Cod.
395 2418 435 2445 ms.
446 2410 483 2444 cit.
495 2408 531 2445 fol.
544 2408 586 2444 562'¹

119 2468 150 2513 (2)
168 2468 320 2502 Inuocsnmus
337 2466 372 2508 IV,
388 2475 406 2502 o.
422 2475 446 2509 e,
462 2476 479 2501 e.
496 2465 537 2508 15„
553 2465 581 2507 X,
610 2465 641 2499 De
655 2464 781 2509 temporibus
796 2464 963 2508 ordinationum,

94 2523 109 2568 I,
123 2524 154 2559 11.
501 2536 503 2538 ·

120 2580 150 2624 (3)
159 2578 198 2615 cr.
212 2580 262 2615 coa.
276 2587 314 2614 ms.
324 2579 364 2626 pen.
377 2567 481 2614 roissvst

121 2636 151 2681 (4)
169 2636 199 2672 Cf.
212 2635 323 2678 LanNER,
349 2635 388 2669 Die
401 2635 465 2669 Lefrre
477 2643 523 2668 vom
534 2633 629 2676 Prtuttep
640 2633 692 2682 noeti
706 2633 795 2668 Grnttnn
809 2633 877 2667 unden
905 2633 963 2670 Glos-

93 2692 177 2726 setoren
189 2692 224 2726 des
239 2693 320 2736 Corpus
335 2691 389 2726 turis
404 2690 507 2725 canonici.
522 2709 549 2713 —
563 2689 622 2724 Haec
636 2689 702 2724 thesis
716 2699 729 2724 a
743 2690 837 2725 Lindner
847 2690 963 2734 proposita

92 2748 180 2784 omnino
194 2748 342 2790 confirmatur,
363 2748 406 2782 imo
419 2747 503 2783 facilius
515 2747 621 2790 probatur
633 2743 671 2790 p'er
682 2755 774 2782 examen
785 2745 887 2781 textuum
901 2755 963 2781 cano-

92 2805 208 2847 nistarum,
220 2805 257 2839 ubi
269 2805 294 2840 de
307 2804 468 2849 dispensatione
480 2804 555 2848 agunt.
783 2802 784 2805 ’

93 2858 94 2861 '
118 2859 149 2906 (5)
166 2861 310 2905 Hosrnansrs,
320 2861 416 2904 Lecturo,
427 2860 453 2905 gl.
465 2861 493 2897 ad
502 2869 522 2905 u,
533 2859 588 2901 certo
596 2859 684 2902 ratione,
695 2868 712 2895 c.
724 2859 743 2902 9,
754 2858 781 2894 Χ,
793 2858 823 2893 De
833 2857 961 2908 priuttepr'r's2

90 2919 117 2964 V,
129 2917 162 2956 33.
689 2933 691 2937 v
900 2932 902 2934 ·
