2182 3277
117 292 161 337 250
242 348 244 350 V
283 309 316 337 uu
327 287 562 343 Dispensnrronusus
574 312 638 342 aruo
650 298 847 348 Ducnnrunrsr'ns

146 414 167 455 3·
185 414 256 463 quta
269 416 333 463 nanc
350 431 482 473 expressam
500 421 672 466 concessionem
688 421 752 469 iurts,
770 420 876 474 agnoscit
893 419 967 460 Inno-
981 415 1001 437 Ψ
1035 440 1037 443 -
1060 436 1062 438 ·

116 491 220 521 cennius
234 481 267 523 IV
280 484 394 537 episcopis
403 486 478 536 etiam
490 489 635 539 potestatem
650 487 802 541 dispensandi
813 482 966 538 enimpltcitu
1005 532 1010 538 K
1050 516 1051 519 ,

58 571 61 576 -
118 544 175 586 iuris
192 548 337 592 concessione.
356 551 413 595 Cum
430 556 510 596 autem
527 566 556 595 ex
571 554 617 596 hac
633 554 713 606 regula
726 555 781 595 'orta
797 553 827 606 sit
860 551 967 602 doctrina
997 591 999 594 ,
1029 565 1032 569 ·

115 612 185 654 hodie
200 614 277 663 adhuc
292 617 400 667 admissa,
415 619 497 671 paucis
513 620 562 661 eius
576 630 723 673 progressum
739 610 891 664 ostendimus.
908 616 967 659 Con-

116 678 195 721 cilium
210 680 366 727 Lateranense
381 684 415 726 IV
429 699 448 727 a.
466 685 530 734 1215,
547 685 588 728 sub
604 679 746 731 Innocentio
761 686 798 727 HI
814 685 965 730 celebratum,

115 745 184 797 plura
194 748 317 799 prohibuit
328 750 370 793 suh
384 752 487 794 clausula
498 767 502 793 :
520 769 529 791 c
539 753 583 797 nisi
594 753 666 795 inerit
676 753 856 799 misericorditer
865 749 966 803 ¹dispen-
985 755 991 757 *

116 815 196 855 salum
205 829 214 852 s
225 813 265 868 (1).
287 816 408 867 Quaedam
428 819 487 861 tales
506 820 677 873 prohibitiones
696 821 720 864 in
741 819 912 873 Compilatione
932 815 966 857 IV
999 808 1002 812 ’

115 877 212 923 luerunt
223 881 334 931 insertae,¹
344 885 422 937 plures
433 885 457 926 in
470 886 606 929 collectione
618 886 767 939 Gregoriana.
782 886 891 926 loannes
903 883 966 924 Tuu—
1017 884 1019 887 ’

116 951 220 1004 ‘ionicus
229 947 273 990 hos
283 951 365 991 textus
376 950 513 1003 explicando
524 951 549 993 in
559 952 648 1004 glossis,
661 951 720 993 dicit
731 966 735 992 :
747 967 755 989 ll
766 963 819 994 cum
830 961 877 994 non
889 951 965 991 deter-

115 1012 217 1054 minetur
232 1026 304 1068 aquo
319 1017 394 1067 possit
409 1016 545 1070 dispensari,
559 1017 654 1060 videtur
668 1019 732 1070 quod
748 1017 870 1070 episcopus
883 1017 964 1068 potest

117 1077 257 1131 dispensare,
272 1093 300 1122 ex
310 1093 357 1135 quo
368 1080 434 1136 Papa
445 1083 489 1123 sibi
502 1083 633 1136 specialiter
644 1093 691 1127 non
702 1083 802 1127 retinuit
813 1081 969 1136 dispensatio·
1007 1073 1014 1076 ”

114 1155 167 1187 nem
178 1161 193 1185 u.
208 1146 349 1200 Dispensare
361 1149 460 1201 proinde
473 1152 580 1202 possunt,
594 1166 603 1187 c
613 1150 670 1203 quia
682 1150 707 1195 in
719 1150 764 1192 hoc
778 1162 833 1192 casu
847 1149 967 1201 dispensa·
981 1191 984 1193 .

115 1210 150 1251 tio
168 1212 200 1253 cis
216 1225 262 1257 non
280 1217 315 1254 est
331 1215 475 1267 prohibita».
494 1216 632 1268 Opinionem
650 1216 745 1260 Ioannis
762 1218 892 1270 sequuntur
908 1214 967 1255 Vin-

114 1289 224 1328 cunnum,
242 1280 390 1322 Gorrnnnns
406 1285 428 1324 et
442 1282 582 1335 Pnrcirrns,
598 1283 656 1337 quin
672 1282 762 1326 addant
778 1282 848 1325 aliam
864 1282 966 1334 explica-

115 1344 213 1388 tionem.
226 1346 394 1388 Innocsnrrus
406 1348 439 1389 IV
448 1351 507 1392 tunc
518 1350 578 1391 clare
588 1348 701 1391 turmulat
711 1349 815 1401 regulam
826 1348 965 1402 generalem,

118 1413 245 1455 secundum
255 1426 327 1467 quam
337 1415 458 1468 episcopus
468 1428 497 1457 ex
507 1416 653 1458 concessione
661 1416 777 1468 implicita
786 1417 865 1468 potest
876 1415 968 1467 dispen-
1032 1451 1035 1454 ,

118 1483 186 1519 sare«
196 1479 283 1522 ‘ubiius
294 1481 400 1524 concedit
412 1482 609 1535 dispensationem
621 1482 775 1535 simpliciter»
786 1494 791 1529 3
803 1481 820 1522 si
832 1484 911 1523 auteur
923 1480 968 1521 dis-

116 1545 224 1597 pensatio
242 1557 289 1590 non
308 1548 443 1591 conceditur
461 1562 474 1590 a
493 1560 588 1596 canone,
607 1560 728 1602 nunquam
747 1549 869 1601 episcopus
885 1547 966 1599 potest
1018 1540 1020 1544 '

117 1611 257 1664 dispensare,
274 1613 346 1656 etiam
359 1614 378 1655 si
391 1614 415 1657 in
429 1626 517 1659 canone
530 1615 650 1658 invenitur
662 1615 728 1668 quod
740 1614 807 1667 Papa
821 1612 964 1667 dispensat...

113 1689 168 1721 nam
179 1692 184 1719 ε
197 1694 206 1716 r
216 1690 269 1722 cum
282 1680 384 1733 episcopi
398 1680 499 1725 [labeant
511 1693 603 1723 seruare
616 1692 724 1729 canones
736 1693 782 1724 non
796 1679 882 1724 dehent
891 1679 977 1720 iacere

113 1746 203 1793 contra,
218 1745 262 1789 nisi
276 1758 383 1799 expresse
397 1746 563 1792 concedatur».
579 1746 611 1788 Et
623 1746 677 1791 inde
691 1747 827 1789 summatim
842 1746 964 1790 enumerat
990 1789 992 1791 p

113 1823 180 1853 casus
189 1811 214 1856 in
224 1812 311 1866 quibus
323 1813 436 1866 episcopis
446 1813 593 1868 permittitur
605 1813 740 1867 dispensare
751 1811 792 1865 (2).
1029 1814 1030 1817 ’

142 1877 164 1917 4.
179 1876 277 1920 Praeter
288 1880 470 1932 expressam-vel
479 1879 620 1933 implicitam
630 1880 686 1921 iuris
698 1879 878 1927 concessionem,
891 1879 964 1919 Inno-

111 1945 262 1987 cunnus-IV
275 1947 298 1986 et
310 1944 466 1994 Hosrnensrs,
481 1949 504 1987 et
517 1946 556 1988 alii
568 1949 623 1999 post
635 1958 680 1993 eos,
695 1946 766 1988 alium
779 1945 857 1995 adhuc
867 1938 959 1988 iontem

111 2011 237 2064 potestatis
259 2012 409 2064 dispensandi
428 2012 452 2055 in
473 2012 542 2053 certis
562 2010 816 2065 legihusgeneralibus
847 2011 965 2063 Ecclesiae
1031 2038 1033 2042 f
1055 2015 1057 2019 ’

111 2079 256 2132 agnoscunt,
273 2077 456 2120 consuetudinem
479 2090 563 2134 nempe
588 2077 685 2131 leptttrne
706 2076 870 2131 praescriptum
882 2075 922 2130 (3).

110 2284 227 2325 invenitur,
241 2292 283 2318 non
297 2283 381 2318 iudeo...
396 2278 458 2317 Hanc
471 2281 601 2317 sententiam
614 2282 688 2315 teneas
702 2281 808 2324 tamquam
821 2289 895 2321 ueram,
908 2279 966 2322 qnid·
996 2292 998 2295 ·

111 2341 161 2386 quid
173 2340 227 2374 ultus
238 2340 267 2373 sit
277 2340 379 2374 notatum,
392 2339 413 2373 Si
425 2338 540 2378 obiiciatur
553 2338 578 2372 de
590 2336 691 2374 decretali
702 2337 764 2379 intra,
778 2337 809 2372 De
820 2336 923 2370 sententio
934 2345 967 2369 en-

109 2396 310 2437 contaminationis,
322 2396 396 2438 Nuper
408 2395 433 2438 (c.
446 2394 477 2439 29,
492 2395 520 2429 X.
532 2394 557 2441 V,
571 2394 612 2437 39),
626 2394 660 2428 dic
671 2393 837 2437 superstitiosum
850 2402 890 2426 esse
904 2392 966 2427 telem
979 2411 984 2418 =
1030 2408 1035 2412 <

110 2454 262 2497 obliuutionern,
275 2452 294 2486 ct
306 2451 411 2493 inutilem,
424 2460 471 2485 cum
480 2452 526 2487 ‘uon
536 2450 639 2494 loquatur
650 2450 675 2495 de
688 2446 848 2494 dispensatione
860 2456 915 2492 quae
927 2449 966 2482 ha-
1017 2487 1022 2491 Ι

109 2511 149 2546 bet>
156 2510 188 2544 ius
198 2508 341 2551 vulnerare...
353 2508 374 2541 ct
384 2503 595 2551 quod'cornrnu'niter
604 2506 714 2550 prohibita
725 2506 770 2547 est;
782 2506 808 2538 ut
817 2504 910 2548 probant
920 2505 968 2540 iura
1017 2516 1021 2519 ⁴

109 2567 205 2611 superius
221 2565 319 2608 allegata,
338 2564 374 2598 sed
388 2563 485 2606 loquitur
502 2564 527 2597 de
543 2562 678 2598 alisolutioue
694 2561 721 2598 ab
738 2560 965 2602 excommunicatione,

109 2631 163 2669 quae
176 2622 209 2655 est
221 2620 353 2661 favorabilis,
367 2620 388 2652 et
402 2627 440 2664 per
452 2628 518 2663 quarn
530 2618 563 2653 ius
577 2625 690 2652 commune
703 2617 890 2662 nonnulneratur
899 2630 913 2651 s,
976 2623 987 2627 ·’

138 2679 167 2723 (1)
184 2678 214 2713 Cf.
226 2687 271 2715 can.
284 2677 316 2719 to,
328 2676 360 2717 25,
372 2675 393 2709 et
404 2675 436 2717 oi,
448 2676 508 2710 Cone.
519 2674 666 2709 Lnternnensts
677 2673 689 2706 Ι
696 2672 718 2714 V,
745 2673 825 2714 Mnnsr,
847 2673 870 2708 Τ,
882 2673 914 2712 22,
925 2671 964 2707 col.

111 2735 169 2770 1051.
183 2734 213 2770 cr.
227 2743 243 2769 c.
257 2733 276 2775 2,
290 2734 362 2776 comp.
379 2731 413 2773 in,
426 2722 450 2774 n,
465 2731 504 2772 rs;
518 2740 534 2766 c.
549 2730 581 2773 12,
594 2730 620 2766 n.
635 2730 666 2764 ne
677 2729 759 2773 poenis,
770 2730 796 2772 n,
809 2729 841 2764 37.
854 2747 881 2752 -
901 2737 918 2762 c.
931 2728 964 2770 rc,

110 2793 138 2832 X,
153 2791 184 2825 De
197 2789 300 2830 electione,
316 2788 332 2830 Ι,
347 2788 365 2823 6.

138 2847 168 2890 (2)
184 2846 214 2882 Cf.
229 2846 380 2880 Innocentius
395 2843 430 2884 IV,
445 2844 472 2877 ad
485 2852 502 2878 c.
518 2842 550 2884 15,
564 2842 591 2877 X.
607 2841 638 2876 Dc
650 2840 776 2885 temporibus
798 2838 964 2881 ordinationum,
1005 2841 1009 2844 “

110 2905 125 2947 Ι,
140 2903 172 2938 11.
185 2902 303 2938 Enumerat
315 2901 341 2935 25
354 2909 414 2937 casus
426 2899 447 2934 in
460 2899 538 2943 quihus
549 2894 686 2942 permittitur
698 2896 803 2941 episcopis
816 2897 944 2939 dispensare.

136 2960 166 3003 (3)
183 2958 213 2994 Gi.
227 2958 377 2992 Innocnnrrus
390 2956 426 2997 IV,
441 2956 452 2990 l.
465 2965 481 2991 c.
495 2955 637 2995 Hosrrunsrs,
657 2954 753 2995 Lecturcr,
779 2953 807 2991 ad
819 2961 835 2988 c.
847 2952 879 2995 28,
893 2952 920 2989 X.
934 2952 965 2987 De

108 3014 236 3062 praebendis,
253 3012 293 3056 ΙΙΙ,
308 3013 326 3048 5.
997 3013 1000 3016 ’
