2139 3277
430 263 433 265 ,
454 212 532 261 inber
548 208 702 262 insinuens
817 225 820 230 ·
909 208 971 256 uirili

303 342 379 387 regula
391 342 506 385 negativa:
523 350 577 386 quae
587 340 648 386 leges
664 351 677 375 a
691 339 801 385 potestate
818 338 902 383 dispen-

304 399 366 437 sandi
383 398 507 435 eximantur
535 398 624 441 rigidius
643 397 799 433 determinatur
816 404 829 432 a
845 394 902 439 prio-

275 470 277 472 >
303 455 362 489 ribus
380 452 534 495 Decretalistis,
551 454 625 488 mitius
641 463 654 491 a
670 446 864 497 subseqnentibus
875 468 903 475 —

304 511 323 546 3,
340 509 461 544 Hostiensis
470 510 603 553 potestatem
612 509 694 547 limitat
703 510 731 546 ad
740 508 776 546 illa
786 516 840 552 quae
851 508 902 542 sunt

239 587 241 589 -
304 568 381 602 contra
389 566 462 601 iidem.
471 584 499 590 —-
506 565 524 600 4.
536 565 626 604 Ioannes
635 565 734 602 Andreae
742 565 803 602 addit
814 575 817 599 :
840 564 901 599 dnm-

304 623 367 657 modo
382 631 420 666 per
433 621 616 668 'dispensationem
631 632 674 656 non
688 622 797 657 nutriatur
812 618 902 657 mortale

286 681 288 684 ·
304 680 425 723 peccatum,
440 670 502 713 modo
516 679 631 722 peceatum
645 676 730 721 exlege
745 677 817 713 divina
829 685 901 721 proce-

305 736 349 773 dat.
419 736 424 743 “
899 750 901 754 ν

148 850 149 853 =
175 820 254 863 Caper
265 819 292 862 V.
307 819 342 861 De
356 817 462 861 subiecto
476 816 769 870 passivo'dispensatienis
809 848 814 858 .
847 848 852 858 .
885 847 890 858 .
924 814 968 857 227

305 890 323 925 1.
339 888 476 933 Dispensatio
488 889 520 921 est
529 888 591 925 actus
600 888 764 923 iurisdictionis
771 905 798 911 -—
807 887 826 922 2.
838 886 904 921 Exer—

304 947 366 980 cetnr
378 952 428 988 erga
440 944 538 990 subditos
550 945 572 979 in
584 944 692 979 territorio
707 944 814 988 degentes
826 942 904 987 proba-

280 1014 287 1017 ’·
305 1000 369 1036 bilius
382 1010 427 1035 non
443 1008 492 1044 erga
507 1002 618 1038 versantes
634 1002 697 1038 extra
712 1000 848 1034 territorium
862 1007 903 1034 nee

306 1066 356 1102 erga
364 1057 491 1102 peregrinos
501 1076 528 1081 —
537 1057 554 1092 3.
564 1058 598 1092 An
608 1057 705 1102 superior
713 1056 782 1101 possit
791 1065 839 1091 cum
849 1055 903 1100 seip-

306 1123 328 1148 so
347 1111 475 1158 dispensare.

177 1180 258 1241 CAPUT
269 1197 309 1240 VI.
327 1196 363 1238 De
380 1196 505 1240 effectibus
523 1199 546 1239 et
562 1196 761 1250 interpretatione
778 1195 897 1249 dispensa·

297 1264 391 1307 tionum
469 1294 895 1305 ............
927 1261 970 1305 223

240 1341 331 1394 §LDe
346 1339 472 1383 effectibus
489 1340 693 1393 dispensationum
739 1371 743 1381 .
776 1333 783 1381 .’
814 1371 818 1381 .
852 1370 857 1381 .
890 1371 895 1381 .
927 1339 971 1383 228

304 1411 322 1446 1.
339 1409 459 1445 Hostiensis
471 1409 493 1443 et
504 1410 607 1445 Dnrantis
619 1410 706 1445 unicum
718 1410 820 1444 eflectum
841 1409 892 1448 assi-

304 1467 385 1511 gnant:
401 1466 562 1510 permissionem
576 1466 670 1501 inhibiti.
685 1467 745 1516 -2
762 1465 899 1511 Dispensatio

304 1513 362 1557 tollit
374 1521 529 1566 obligationem
540 1522 592 1566 legis
605 1523 627 1559 in
640 1523 778 1560 conscientia.
792 1541 819 1560 —-‚
831 1522 850 1559 3,
866 1521 900 1558 In-

118 1591 120 1595 ’
189 1612 190 1615 ,
304 1579 385 1614 sistunt
400 1578 555 1614 Decretalistae
569 1580 592 1614 in
608 1579 689 1614 eiieetu
703 1578 843 1617 relaxationis
857 1578 886 1612 le-

230 1627 232 1630 ’
303 1636 334 1679 gis
347 1635 442 1679 poenalis
455 1636 477 1670 in
491 1635 580 1674 materia
593 1635 784 1680 irregularitatum.

238 1720 280 1772 §2
292 1719 327 1760 De
336 1718 534 1772 interpretatione
545 1719 749 1772 dispensationum
776 1751 781 1761 .
814 1752 819 1761 .
852 1751 857 1761 .
890 1751 895 1761 .
927 1717 970 1762 231

270 1814 272 1816 -
305 1789 323 1823 i.
339 1789 373 1823 Ex
385 1796 406 1822 se
420 1789 549 1834 dispensatio
562 1789 682 1825 eststricte
693 1789 864 1835 interpretanda.
877 1806 905 1814 —-

305 1845 323 1880 2.
334 1845 397 1888 Quod
406 1844 508 1889 exemplis
517 1844 644 1882 illustratur,
656 1864 684 1870 -
693 1847 711 1882 3.
722 1846 863 1882 Extensivam
873 1845 905 1881 in-

304 1902 483 1945 terpretationem
493 1901 647 1940 Decretalistae
657 1903 755 1938 reiciunt.
765 1920 792 1926 —
799 1903 819 1939 4.
830 1902 904 1937 Conci-

305 1956 387 1996 iiantur
396 1958 437 1993 duo
446 1958 553 2002 principia
562 1967 566 1992 :
577 1954 836 2004 dispensat10,'uivuinus
845 1957 903 2001 legis,

306 2015 338 2047 651
348 2014 429 2056 odiosa,
442 2015 466 2048 ut
476 2015 605 2049 beneficium
616 2015 718 2060 principis
733 2015 777 2052 1616
787 2015 894 2050 65116161-

231 2062 235 2071 ”
306 2069 419 2113 pretende.
439 2088 466 2094 -
485 2071 647 2115 5.Dispensati0
672 2072 723 2108 aR.
739 2071 845 2106 Pontifice
858 2080 907 2107 eon-

305 2122 438 2160 'cessatatius
447 2127 479 2160 est
487 2127 657 2172 interpretanda.
680 2146 708 2152 ἡ
729 2126 904 2176 6.Disciplinaa

305 2181 415 2220 Beniiacie
427 2181 483 2217 VIII
493 2185 577 2227 statuta
586 2184 610 2220 in
620 2183 683 2225 Libro
694 2183 725 2219 VI
736 2183 889 2220 Decretalium.

174 2265 256 2308 CAPUT
267 2265 321 2313 VII.
333 2260 510 2311 De'cessatione
523 2267 705 2320 dispensationis
737 2299 894 2311 .....
927 2265 971 2310 233

237 2343 279 2396 51.
292 2343 328 2385 De
340 2332 474 2401 cessatione
487 2356 573 2397 causae
584 2345 694 2388 motivae
730 2377 735 2387 .
768 2378 772 2388 .
805 2347 810 2388 .’
844 2377 848 2387 .
882 2377 895 2388 ..
927 2343 973 2388 234

254 2409 255 2412 ’
306 2414 323 2449 1.
339 2413 422 2449 Priores
437 2413 590 2452 Decretaiistae
604 2415 690 2459 ponunt
702 2415 845 2460 principium:
860 2423 903 2449 ces-

306 2471 368 2505 sante
385 2478 455 2519 causa,
474 2472 543 2508 cessat
560 2470 699 2514 dispensatio.
717 2490 745 2496 -
760 2471 779 2507 2,
797 2471 903 2506 Posterio-

304 2534 336 2559 res
356 2526 493 2569 distinguunt
511 2527 681 2571 dispensationes
693 2528 802 2564 iaciendas
820 2528 843 2561 et
859 2528 904 2564 iarn

304 2582 374 2619 iactas
385 2583 407 2616 et
416 2583 544 2627 principium
564 2593 607 2618 non
632 2583 743 2628 applicant
763 2584 904 2627 dispensatio-

262 2676 264 2678 ,
305 2638 368 2672 nibus
375 2638 418 2673 iam
425 2639 495 2676 166115,
504 2658 531 2664 —
538 2640 556 2675 3.
567 2639 632 2675 quta
642 2638 745 2677 Ioannem
752 2640 850 2677 Andreae
856 2640 901 2678 iam

298 2692 376 2733 'iactae
392 2703 474 2730 cessare
489 2697 587 2740 possunt,
605 2696 702 2734 cessante
718 2694 823 2741 complete
840 2704 904 2734 eausa

251 2774 254 2776 -
305 2749 375 2788 finali.
758 2751 759 2754 ’

237 2832 279 2884 52.
292 2833 327 2876 De
336 2834 466 2880 cessatione
474 2814 705 2891 dispensationisper
713 2829 898 2882 revocationem.
929 2833 973 2880 235

308 2909 326 2945 1,
343 2909 479 2954 Dispensatio
496 2920 598 2949 concessa
613 2920 639 2947 ex
654 2911 763 2957 potestate
780 2910 878 2957 delegata
892 2922 905 2950 6

306 2966 366 3011 Papa
373 2976 415 3005 non
421 2967 520 3005 irritatur
526 2977 563 3013 per
570 2969 647 3004 actum
655 2966 808 3014 particularem
816 2968 903 3009 contra-
