2139 3277
181 134 182 137 ¹
249 122 435 164 nano-nensis
448 119 795 182 uisaunsnniaiizei'seoimnun
897 109 941 163 243

32 238 34 240 ’
53 286 55 289 Ι
92 236 245 292 suffraganeis
260 241 314 290 suis,
330 244 380 285 tum
395 253 447 285 cum
463 241 565 298 subditis
578 240 793 293 511111·1111111111.Ἰ
803 238 835 278 Et
848 241 948 292 respon-''

95 303 150 347 dent
162 306 240 359 quoad
249 307 346 359 priores,
360 319 412 350 eum
424 319 493 360 posse
504 323 512 345 1
523 308 657 360 dispensare
670 317 722 348 cum
736 305 852 357 episcopis
864 306 887 345 et
899 305 944 345 cle-

66 389 69 400 :
92 369 146 410 ricis
159 372 206 413 suis
220 372 381 426 suffraganeis,
408 384 477 425 super
490 372 577 426 quihus
591 368 667 414 habet
680 370 824 414 ordinariam
838 370 944 422 iurisdic-

92 434 205 480 tionem».
220 438 330 482 Potestas
345 441 424 482 autem
438 438 588 492 dispensandi
603 449 656 480 cum
670 437 772 494 subditis
786 433 945 489 suffraganeo-

92 513 144 545 rum
155 504 249 547 videtur
264 499 447 558 “arehiepiscopo
461 501 604 557 deneganda,
629 515 682 547 eum
695 503 745 556 ipse
758 515 804 551 non
818 503 850 544 sit
862 513 942 546 eorum
971 547 973 550 ,
1010 545 1011 548 ,

35 614 36 617 ¹
92 567 170 619 iudeis
181 574 204 611 et
212 571 311 624 proinde
320 586 329 608 l<
339 570 483 615 non'habeat
492 571 516 615 in
525 570 571 611 illis
579 566 765 613 iurisdictionem
776 569 917 613 ordinariam
927 584 943 608 »-
967 565 970 567 ’

92 632 174 677 Potest
190 640 270 681 tamen
288 637 422 689 dispensare
438 637 462 681 in
469 637 571 678 ⁴>casibus
587 637 612 680 in
630 636 720 690 quihus
736 637 815 688 potest
831 635 942 684 iudicare,

94 703 188 753 quando
201 702 290 744 scilicet
302 702 488 747 iurisdictionem
502 702 603 755 acquirit
615 702 654 743 vel
666 717 675 739 l(
684 701 709 743 vi
723 700 893 754 appellationis,
907 700 947 742 vel

92 765 117 807 vi
133 767 334 816 consuetudinis»,
351 771 393 809 aut
407 780 449 821 per
464 768 631 820 negligentiam
647 766 850 819 suffraganeorum
866 766 945 808 <levol-

92 832 158 875 vitur
172 835 278 886 potestas
296 834 449 887 cognoscendi
466 835 495 876 ad
511 833 714 887 metropolitanos.
725 832 757 884 Hi
774 835 944 885 consequenter

63 935 66 937 .
94 902 193 951 possunt
209 900 343 954 dispensare
356 901 380 942 in
395 899 533 954 poenalibus
550 899 688 943 actionibus.
707 899 751 940 Sed
765 898 806 941 ubi
823 898 900 951 agitur
917 898 944 938 de

48 983 50 985 ’
65 967 68 975 “
94 965 267 1018 dispensatione
282 967 362 1008 stricte
379 968 450 1015 dicta,
465 976 512 1019 ug.
529 967 553 1010 11
568 966 705 1018 pluralitate
720 963 888 1007 beneficiorum
901 964 941 1007 vel

93 1031 117 1075 in
133 1032 286 1075 multitudine
303 1033 410 1077 ordinum
428 1033 498 1075 simul
513 1035 668 1084 receptorum,
686 1028 733 1077 non
748 1033 849 1083 possunt
864 1046 873 1069 1
883 1030 940 1084 quia

94 1109 140 1141 non
155 1101 190 1140 est
203 1099 235 1140 eis
249 1112 263 1140 a
277 1111 364 1142 canone
377 1099 516 1152 permissum
526 1114 534 1137 1)
546 1097 586 1151 (l).

413 1272 637 1284 m

436 1406 537 1448 CAPUT
549 1406 585 1447 Hi

230 1532 267 1575 De
283 1536 414 1589 potestate
431 1536 603 1589 dispensandi
618 1536 804 1589 episcoporum

129 1669 139 1719 ἓ
160 1668 178 1709 1,
196 1691 227 1698 —-
244 1669 307 1709 Ante
324 1670 528 1723 promulqciioncm
549 1669 703 1710 Dec-letatum
723 1669 823 1723 Greqorii
844 1665 881 1709 IX

121 1802 250 1854 Praecipua
263 1803 378 1856 quaestio,
393 1803 434 1845 ulai
448 1803 526 1856 agitur
540 1804 567 1844 de
581 1805 676 1845 auctore
691 1802 878 1855 dispensationis,
892 1815 941 1846 mo-

90 1872 160 1911 vetur
171 1868 232 1930 circa
241 1871 385 1921 potestatem
397 1870 565 1922 episcoporum.

96 1973 98 1976 ,
122 1935 267 1977 Decretistae
281 1938 318 1977 sat
331 1935 425 1979 confuse
437 1935 501 1978 illam
515 1936 650 1984 describunt
661 1935 702 1989 (2).
715 1934 837 1988 Ancipites
849 1934 943 1975 linerent

94 2014 122 2042 en
135 2013 182 2044 una
195 2004 270 2053 parte,
284 2005 380 2054 propter
393 2001 509 2055 principia
520 2013 583 2055 ,quae
597 2004 709 2044 statuunt
722 2001 939 2054 circa-potestatem

92 2067 193 2110 Romani
209 2067 335 2112 pontilicis
351 2070 374 2109 et
391 2063 522 2121 exquibus
540 2068 611 2121 logice
628 2068 740 2112 deberent
758 2067 894 2112 concludere
912 2068 942 2110 ad

91 2135 140 2176 eius
157 2134 301 2178 exclusivam
320 2135 518 2188 competentiam
537 2148 566 2176 ex
583 2135 629 2177 alia
646 2137 721 2188 parte,
738 2137 835 2188 propter
852 2134 942 2178 iactum

91 2200 155 2254 quod
170 2200 272 2254 episcopi
289 2201 451 2255 saepesaepius
468 2201 604 2254 dispensant
620 2201 678 2254 quin
694 2199 795 2244 Romam
811 2204 940 2245 recurrant.

58 2276 59 2280 ¹
121 2266 140 2306 1.
156 2266 247 2308 Priores
260 2267 436 2316 Decretafistae
449 2267 490 2322 qui
503 2268 563 2309 clare
573 2267 697 2312 vindicant
709 2269 853 2321 potestatem
866 2268 942 2309 exclu-

90 2333 166 2382 sivum
177 2331 206 2373 R.
219 2332 345 2379 Pontificis
368 2346 397 2374 ex
407 2334 555 2386 plenitudine
566 2334 694 2386 potestatis
706 2333 762 2381 eius,
775 2333 810 2375 ius
824 2333 942 2387 episcopo-

90 2404 146 2441 rum
156 2402 244 2444 vocant
260 2398 431 2452 cctrurequlnre,
447 2401 601 2453 quantumvis
616 2398 727 2453 frequens
742 2399 773 2440 sit
787 2399 862 2452 ipsius
877 2406 941 2441 exer-

54 2490 58 2494 ν
91 2466 180 2509 citium.
204 2464 361 2519 Restringunt
383 2469 527 2519 potestatem
551 2467 713 2519 episcoporum
737 2466 888 2519 dispensandi
911 2467 941 2508 ad

38 2568 40 2572 .
89 2533 141 2574 illas
153 2533 264 2582 materias
277 2543 338 2586 quae
349 2545 391 2586 per
403 2541 505 2577 canones
515 2533 562 2574 illis
574 2535 630 2574 sunt
643 2532 787 2580 commisSae,
800 2532 939 2584 praesertim

88 2600 112 2643 in
124 2597 252 2643 canonibus
262 2598 480 2651 poenitentialibus,
492 2610 552 2652 quae
563 2597 750 2643 satisfactionem
761 2598 887 2651 iniungant
896 2610 939 2652 pro

56 2795 62 2799 ⁴
119 2792 149 2836 (1)
165 2792 194 2828 Cf.
212 2791 261 2828 idid.

119 2848 150 2894 (2)
166 2848 197 2886 Cf.
205 2857 305 2894 supra‚p.
315 2848 359 2885 142.
