2139 3277
259 160 260 163 ¹
282 165 283 168 ¹
338 160 464 193 nectarus
477 159 495 192 S.
508 159 610 202 raoorna
623 153 754 196 AQUINATIS
936 148 979 194 269

122 266 246 321 imprimis,
261 270 343 314 utrum
357 281 405 315 non
420 270 451 311 sit
465 273 590 323 peccatum
604 269 704 314 mortale
717 269 806 314 habere
819 269 845 325 pl
845 282 898 313 ures
911 282 980 324 prae

121 334 227 383 hendas;
243 338 267 377 et
282 337 409 389 respondet
424 349 494 381 sensu
508 337 542 381 ait
534 338 655 382 firmativo
671 336 759 383 saltem
770 352 778 375 1
790 336 809 379 si
824 349 872 382 non
887 337 976 382 adsunt

119 400 317 446 circumstantiae
339 401 554 453 cohonestantes»,
567 405 622 454 imo,
646 405 688 453 ait,
711 403 784 449 etiam
806 402 979 448 interveniente

61 477 62 480 ’
126 468 309 522 dispensatione,
320 481 367 513 non
376 469 429 511 ideo
440 470 547 514 cumulus
556 470 587 512 111
595 470 681 520 licitus,
693 470 712 512 si
723 471 808 515 desunt
816 469 899 513 illae
880 482 979 513 circum·

126 534 236 584 stantiae,
249 548 294 577 «eo
307 536 372 591 quod
385 535 529 589 dispensatio
542 537 647 581 bumana
659 521 705 582 non
718 537 796 581 aufert
807 537 909 590 ligamen
920 536 978 580 iuris

130 601 253 651 naturalis,
263 602 304 644 sed
313 602 388 645 solum
397 601 498 655 ligamen
506 602 563 645 iuris
570 604 674 656 positivi,
683 604 748 658 quod
755 616 804 658 per
803 603 924 648 hominem
933 606 981 646 sta-

127 669 213 717 tuitur,
226 671 251 709 et
261 680 304 723 per
314 667 434 712 hominem
447 668 578 725 dispensari
589 672 687 722 potest»
698 669 740 724 (1).
754 670 844 713 Deinde
857 670 979 717 examinat

126 737 207 790 utrum
217 747 259 788 per
270 734 471 791 dispensationem
481 736 587 789 potuerit
598 748 647 777 esse
657 736 748 779 licitum
758 747 856 779 uxorem
867 749 934 780 suam
945 736 980 778 di

57 852 59 854 v
126 801 221 845 mittere
231 800 265 855 (2)
283 805 307 843 et
322 806 404 850 111111111
421 814 450 844 ex
466 802 641 857 dispensatione
658 802 785 859 aliquando
802 802 892 845 licitum
908 802 980 846 luerit

125 869 183 914 duas
194 880 278 919 uxores
288 869 377 913 habere
388 868 422 923 (3)
433 882 439 917 ;
452 869 494 910 sed
504 869 549 912 hae
560 868 711 924 quaestiones
722 869 753 911 ad
764 880 862 924 scopum
873 870 982 914 nostrum

128 935 207 980 minus
220 933 320 989 iaciunt,

156 1001 179 1044 7.
195 1000 310 1046 Minorem
324 1001 396 1046 inisse
412 1001 529 1056 influnum
544 1000 658 1043 doctrinae
672 1002 843 1056 canonistarum
858 1001 920 1045 circa
935 1002 983 1044 dis·

128 1068 292 1124 pensationem
305 1069 330 1112 in
344 1068 365 1110 S.
378 1069 503 1121 Thomam,
518 1081 547 1110 ex
559 1068 692 1122 praemissis
704 1068 773 1111 facile
788 1068 918 1112 deducitur.
933 1069 979 1111 Hic

128 1136 191 1179 enim
202 1136 297 1189 ignorat
308 1137 386 1189 plures
400 1135 571 1179 controversias
583 1139 641 1180 tunc
654 1137 718 1189 apud
730 1136 865 1180 canonistas
878 1136 983 1189 agitatas

9 1188 11 1190 ‚
63 1209 65 1211 ’
130 1206 161 1252 11,
176 1203 219 1246 sub
234 1205 343 1257 respectu
355 1202 461 1251 iuridico‚
476 1202 571 1245 videtur
584 1202 651 1246 unice
665 1203 795 1246 attendisse
808 1202 907 1244 Decreto
922 1203 982 1245 Gra·

130 1269 197 1323 111111,
214 1268 377 1312 Decretalibus
394 1268 498 1322 Gregorii
514 1268 550 1310 IX
567 1271 591 1310 et
606 1269 695 1321 glossae
712 1268 843 1312 ordinariae
858 1269 982 1324 utriusque

132 1336 282 1381 collectionis.
293 1336 312 1377 E
322 1348 441 1385 converso,
452 1336 508 1379 dum
518 1335 646 1377 difficulter
655 1334 794 1388 probaretur
803 1334 907 1379 influxus
915 1335 984 1378 theo-

131 1404 236 1457 logorum
244 1403 268 1446 in
277 1402 411 1446 canonistas
419 1405 475 1446 ante
483 1401 641 1450 Hostiensem‚
649 1401 695 1445 imo
704 1402 728 1444 in
736 1401 814 1455 ipsum
823 1401 981 1451 Hostiensem,

80 1504 82 1506 ,
132 1469 238 1513 doctrina
247 1469 269 1510 S.
277 1470 381 1512 Thomae
390 1467 548 1520 subsequentes
556 1467 686 1508 canonistas
692 1479 739 1508 non
746 1466 886 1521 supitlliisso
895 1468 985 1512 Ioanne

59 1582 61 1585 p
131 1529 255 1585 dimiacho,
265 1536 307 1590 qui
316 1536 346 1577 ad
356 1548 407 1579 eam
416 1547 463 1579 non
474 1534 565 1582 alludit,
575 1534 690 1578 Durantis
698 1535 723 1578 111
732 1533 875 1588 quibusdam
892 1547 984 1587 expres-

131 1616 155 1645 se
165 1601 297 1646 doctrinam
307 1601 412 1655 Angelici
423 1601 531 1644 admittit
541 1599 582 1655 (4).
593 1600 778 1646 archidiaconus
788 1600 812 1645 in
822 1600 919 1644 Rosario
931 1602 983 1655 plu-

64 1663 65 1666 ’
132 1669 204 1710 rimos
215 1671 305 1717 textus
318 1668 438 1713 interdum
449 1671 529 1711 totum
543 1668 668 1711 articulum
682 1680 711 1710 ex
723 1667 745 1708 S.
759 1668 850 1712 Thoma
863 1668 983 1716 exscribit,

131 1735 276 1779 ostendendo
292 1735 446 1778 dissensiones
459 1734 521 1779 inter
534 1734 656 1787 theologos
670 1737 694 1775 et
708 1733 849 1782 canonistas,
863 1746 905 1787 pro
920 1746 986 1776 more

76 1856 78 1858 v
132 1816 173 1846 suo
184 1800 305 1845 referendo
318 1803 342 1842 et
352 1800 501 1854 compilando
512 1813 573 1855 quae
585 1801 692 1842 doctores
703 1803 758 1844 ante
769 1813 822 1844 eum
834 1800 984 1853 scripserant.

132 1867 185 1912 Non
199 1870 281 1912 tamen
296 1867 348 1909 ideo
365 1867 497 1910 doctrinam
528 1866 550 1908 S.
565 1867 670 1910 Thomae
686 1867 809 1920 amplexus
824 1869 866 1916 est,
892 1879 945 1910 eum
960 1867 985 1911 111

133 1934 300 1979 commentario
318 1947 358 1978 suo
376 1935 406 1976 ad
422 1933 519 1977 Librum
537 1933 569 1975 VI
586 1933 745 1986 Decretalium
764 1931 794 1975 ab
814 1933 862 1977 eius
880 1934 988 1983 doctrina
1042 1984 1044 1988 ¹

11 1984 14 1987 ”
71 2048 91 2052 ,,
132 2000 238 2044 discedat
248 1999 290 2055 (5).
308 2001 408 2045 loannes
423 2000 532 2044 Andreae
549 1999 649 2055 denique
664 2012 706 2054 pro
723 2002 792 2054 parte
808 2002 832 2041 et
847 2001 987 2056 methodum

133 2068 155 2110 S.
169 2066 273 2111 Thomae
288 2066 392 2116 adhibet,
406 2068 522 2122 quasdam
537 2065 655 2112 doctrinas
667 2067 762 2120 probat,
776 2066 833 2109 alias
845 2066 980 2120 impugnat,

99 2143 102 2144 ’
131 2134 251 2189 signanter
263 2132 395 2177 doctrinam
405 2133 455 2177 eius
467 2134 528 2177 circa
539 2133 756 2187 dispensationem
748 2146 773 2176 111
782 2133 846 2176 votis
856 2134 986 2182 monacha-

131 2200 200 2244 libus.
214 2200 289 2245 Simul
300 2200 404 2243 noranta
418 2199 777 2254 Thomamironiceincrepasse
790 2200 921 2243 doctrinam
948 2213 985 2243 ca

133 2266 280 2313 nonistarum
305 2266 366 2309 circa
390 2265 590 2321 dispensationem
600 2265 643 2320 (6)

212 2440 307 2486 Quodtib
317 2440 383 2485 IX,a.
392 2440 465 2485 15,ed.
474 2440 595 2479 eradenda.

208 2498 326 2544 supplem„
340 2507 360 2543 q.
374 2497 407 2541 67,
421 2506 440 2536 a.
454 2497 474 2534 2.
523 2541 525 2544 ι

210 2553 271 2601 ibid,
286 2563 306 2599 q.
320 2554 353 2598 65,
366 2562 386 2591 a.
400 2553 419 2591 2.

164 2611 195 2657 (4)
210 2609 241 2648 Gi
249 2619 321 2656 supra,
328 2618 349 2655 p.
356 2609 403 2648 224.

163 2668 194 2714 (5)
209 2667 240 2704 Cf.
251 2667 370 2711 Rosarium,
378 2666 430 2704 ade.
440 2666 458 2709 1,
467 2666 493 2703 D
503 2665 535 2701 IX
542 2666 564 2701 et
570 2665 675 2711 glossam
669 2676 691 2702 m
698 2665 736 2709 VI
745 2665 773 2702 ad
789 2665 833 2710 14
842 2666 987 2711 Deelectr'one,
1041 2675 1042 2679 ’

139 2724 155 2768 Ι
149 2723 195 2827 (it)
209 2779 240 2818 Gt
254 2753 408 2829 Commentariis
418 2778 507 2827 nouella,
519 2779 547 2830 ad
559 2787 576 2827 e.
589 2778 621 2833 28,
634 2778 662 2830 Χ.
676 2779 706 2830 De
714 2777 845 2828 praebendis,
860 2778 900 2834 III,
913 2779 932 2831 5,
