2182 3277
388 566 494 635 Plus
534 566 701 665 oulrrr

207 731 252 778 DE
266 719 612 780 DISPENSATIONIBUS
625 733 912 779 ecciesiasticis

350 798 442 843 Aron
461 800 745 855 oecuerncrsras

185 865 304 919 USQUE
315 865 360 909 An
375 865 560 910 IOHANNEM
571 867 731 911 Annaeus
746 866 931 912 inciusrvn

411 1151 653 1196 PRAENOTANDA

151 1273 184 1315 Ut
199 1273 344 1328 expositioni
360 1274 429 1316 huius
445 1274 521 1327 partis
536 1273 649 1317 maiorem
664 1274 742 1316 lucem
758 1273 893 1322 afferamus
910 1273 985 1315 crdi-

119 1340 218 1384 visionis
230 1341 291 1384 ratio
305 1343 395 1393 pateat,
408 1341 586 1394 praemittimus
592 1343 753 1394 conspectum
765 1341 897 1393 generalem
909 1340 985 1381 totius

120 1407 219 1461 periodi,
236 1421 250 1450 a
263 1406 411 1464 temporibus
427 1408 533 1460 priorum
549 1406 761 1449 Decretalistarum
777 1407 807 1449 ad
822 1408 931 1460 tempora
948 1405 985 1447 Io-

121 1474 189 1519 annis
200 1472 317 1516 Andreae.
331 1473 438 1526 Duplicis
450 1473 541 1526 generis
553 1475 609 1514 sunt
620 1473 699 1517 fontes
712 1473 753 1528 qui
767 1473 872 1517 adhiberi
884 1475 985 1530 possunt

120 1541 151 1583 ad
179 1540 313 1583 doctrinam
341 1540 369 1581 de
397 1538 615 1592 dispensationibus
643 1540 828 1583 stabiliendam:
857 1539 985 1582 decretales

97 1625 99 1629 ⁷
120 1605 173 1648 RR,
185 1605 332 1650 Pontificum
345 1608 369 1647 et
381 1605 469 1659 scripta
482 1606 614 1648 doctorum.
627 1604 662 1647 De
675 1607 834 1664 decretalibus
846 1606 985 1649 summatim

118 1673 274 1717 indicandum
287 1674 323 1715 est
336 1672 389 1726 quis
400 1671 474 1714 fuerit
486 1684 567 1714 earnm
578 1671 685 1715 influxus
696 1686 702 1720 ;
716 1674 744 1715 de
757 1672 912 1726 scriptoribus
925 1685 985 1726 quae

118 1739 201 1785 relatio
218 1740 378 1782 intercesserit
394 1739 457 1782 inter
474 1739 563 1791 scripta
581 1737 768 1782 Decretistarum
785 1743 809 1782 et
818 1739 987 1782 Decretalista-

119 1813 179 1854 turn³
190 1806 215 1849 in
227 1804 314 1860 quibus
325 1805 486 1853 convenerint,
497 1804 522 1846 in
533 1803 620 1858 quihus
631 1806 826 1860 discrepaverint,
838 1806 924 1863 quibus
934 1805 986 1850 fon-

118 1870 185 1918 tibus
199 1872 236 1917 usi
251 1870 341 1916 fuerint
357 1873 381 1914 et
397 1884 444 1928 qua
459 1870 581 1915 methodo.

199 2007 205 2010 ι
284 2047 287 2050 ’
323 2033 424 2076 i—-De
435 2031 591 2076 Decrefulihus
603 2031 654 2076 RR.
664 2032 805 2087 Pontificum
853 2012 855 2015 Ι

151 2165 170 2208 1.
189 2167 324 2210 Decretales
343 2166 395 2208 ΒΗ.
414 2165 562 2209 Pontificum
580 2167 681 2219 reperire
700 2169 737 2208 est
762 2166 786 2209 in
805 2165 986 2208 collectionibus

118 2233 220 2286 privatis
239 2234 278 2276 vel
298 2232 442 2275 authenticis
450 2232 521 2274 huius
530 2232 640 2284 epochae.
650 2232 798 2275 Decretistae
807 2235 940 2286 provocant
956 2233 986 2274 ad

119 2298 214 2342 decreta
228 2311 297 2353 saepe
311 2299 448 2352 antiquiora
462 2297 598 2341 aGratiano
608 2299 857 2353 collecta‚praximque
865 2301 986 2353 vigentem

119 2366 285 2411 doctrinaliter
294 2366 415 2418 explicant
423 2367 448 2407 et
457 2361 619 2407 corroborant.
644 2365 695 2414 Sed,
714 2367 771 2408 dum
781 2366 902 2414 Doctores,
918 2378 986 2419 prae-

117 2432 199 2474 sertim
211 2432 341 2480 Bononiae,
356 2432 490 2474 doctrinam
502 2431 641 2474 canonicam
654 2431 847 2485 exponunthR.
855 2431 986 2474 Pontifices

47 2495 49 2497 ’
120 2498 190 2541 iuxta
199 2487 239 2541 vel
262 2500 346 2550 contra
359 2499 424 2541 illam
436 2497 577 2546 doctrinam,
590 2497 677 2540 litteris
688 2497 846 2541 decretalibus
857 2497 987 2540 solutiones

118 2566 236 2618 practicas
255 2566 380 2607 dederunt.
399 2564 467 2607 Circa
477 2564 539 2606 hanc
545 2563 718 2617 legislationem
726 2567 750 2606 et
759 2565 852 2617 praxim
861 2563 914 2606 RR.
926 2563 1002 2610 Pon.

119 2629 214 2677 tificum
226 2630 312 2685 duplex
323 2627 425 2684 porrectio
436 2628 532 2684 praeuia
543 2632 579 2672 est
591 2630 711 2674 solvenda.
725 2630 805 2673 Prima
817 2634 853 2673 est
870 2629 986 2671 iuridicu:

121 2709 250 2752 quemnam
258 2699 364 2747 valorem
373 2697 510 2740 canonistae
520 2697 658 2749 agnoverint
666 2696 761 2739 actibus
770 2711 784 2739 a
799 2695 853 2738 ΒΗ·
860 2696 988 2739 Pontifici-
1021 2723 1023 2726 .

116 2763 162 2806 bns
171 2765 288 2808 emanatis
299 2778 304 2812 ;
323 2765 397 2807 altera
414 2765 450 2805 est
463 2761 574 2803 historico
584 2777 589 2803 :
599 2775 719 2818 quousque
728 2763 818 2816 scripta
825 2763 866 2805 illa
874 2762 988 2816 praehue-

116 2830 166 2873 rint
181 2829 367 2873 fundamenturn
384 2831 413 2872 ad
428 2828 562 2871 doctrinam
578 2829 755 2871 immutandam
769 2831 792 2869 et
805 2828 985 2881 perficiendam.

116 2895 230 2944 Consulto
240 2896 355 2945 dicimus:
373 2895 488 2938 devalore
496 2908 567 2956 quem
582 2895 740 2939 decretblibus
749 2895 890 2956 agnoverint
907 2898 978 2945 aucto
1042 2897 1045 2899 ’
