2182 3277
124 231 154 276 28
249 222 283 276 un
295 242 526 276 Dispensarromnus
537 244 617 284 usone
630 244 663 276 An
677 244 808 284 saecunmu
820 247 847 279 rx

124 352 216 395 rectum
233 364 280 413 non
297 354 333 392 est
350 353 402 394 tam
420 354 483 394 arcte
502 352 644 407 distinguere
662 352 861 405 dispensationem
879 356 934 398 ante
952 357 977 397 et

125 421 179 471 post
191 418 288 466 tactum,
303 420 421 470 quatenus
434 418 509 471 prima
521 419 647 472 respiceret
658 418 755 462 tantum
769 422 849 461 actum
861 419 977 470 futurum,

63 489 64 492 ’
125 483 198 528 altera
211 487 290 527 autem
304 487 385 526 actum
399 485 554 536 praeteritum
568 488 591 527 ei
605 488 724 538 quatenus
738 493 778 538 per
792 485 870 537 priora
883 488 976 530 saecula

125 551 267 602 dispensatio
281 562 327 592 non
339 550 424 606 fuisset
436 551 480 592 nisi
491 551 629 593 ratihabitio
642 551 787 605 subsequens
800 551 897 593 alicuius
908 555 976 594 actus

124 615 244 670 prohibiti.
260 615 317 664 huo,
333 617 421 669 etipsa
435 617 522 669 agnitio
537 617 646 670 principii
660 617 841 669 dispensationis
855 630 977 662 concessae
993 642 997 645 -

123 684 177 737 post
190 682 287 731 tactum,
302 679 379 725 nonne
393 682 506 736 implicite
519 684 626 725 continet
639 683 784 736 agnitionem
797 685 978 736 dispensationis

123 752 178 792 ante
190 748 298 791 tactum?
312 749 415 798 Etenim,
427 748 469 791 ubi
481 750 539 802 lapsi
550 761 573 790 v.
585 759 606 802 g.
627 751 668 802 qui
680 750 809 791 secundum
819 750 855 791 ius
868 752 977 793 strictum

123 815 280 861 excluduntur
297 814 326 858 ab
343 816 454 857 exercitio
472 816 579 857 ordinum
595 818 750 867 receptorum,
767 815 919 859 nihilominus
936 818 958 859 ol
968 841 977 848 -

121 884 201 925 tinent
208 880 347 924 facultatem
357 883 480 927 exercendi
491 882 589 929 ordines,
601 885 660 924 tunc
671 896 679 918 1
689 882 750 934 rigor
763 883 887 925 canonicae
897 885 979 936 procul
1044 931 1045 934 Ἰ
1081 900 1085 906 ’

124 947 195 992 dubio
207 947 323 1000 frangitur
334 948 471 1001 disciplinae
481 964 489 986 1
501 948 538 1002 (1),
559 947 624 990 Haec
635 949 779 1002 dispensatio
791 951 825 990 est
836 960 877 1001 pro
887 949 977 1000 futuro,

123 1016 167 1059 etsi
179 1019 284 1067 tempore
296 1017 409 1067 sequatur
421 1018 503 1058 actum
513 1015 537 1057 in
550 1027 595 1068 quo
619 1015 763 1067 dispensatio
775 1019 811 1057 est
822 1015 915 1064 danda3
937 1031 978 1060 au-

123 1083 169 1125 tert
183 1081 245 1123 enim
258 1092 359 1133 poenam
374 1093 441 1134 quae,
456 1081 585 1123 secundum
599 1081 694 1124 canonis
707 1081 814 1134 rigorem,
828 1094 869 1134 per
881 1081 978 1136 longum

123 1149 200 1191 adhuc
212 1150 305 1198 tempus
318 1146 443 1190 subeunda
455 1151 490 1190 est
502 1147 541 1201 (2).
554 1148 586 1188 Et
597 1148 658 1196 ideo,
670 1147 725 1189 licet
737 1148 873 1202 plerumque
885 1150 977 1202 dispen-

123 1214 226 1257 sationes
244 1214 312 1255 datae
330 1213 427 1256 fuerunt
445 1214 474 1255 ob
493 1213 582 1256 iactum
600 1214 762 1266 praeteritum,
781 1213 868 1256 multae
887 1228 915 1257 ex
931 1216 977 1258 illis

122 1281 211 1324 habent
224 1279 326 1322 indolem
339 1280 448 1323 mixtam.
473 1280 510 1321 Ex
530 1292 579 1331 una
591 1281 653 1321 enim
666 1283 733 1332 parte
747 1274 884 1332 supponunt
897 1285 976 1323 aetum

121 1347 237 1394 ilheitum
252 1347 292 1399 qui
304 1346 336 1387 sit
349 1358 421 1389 causa
433 1347 465 1388 rei
488 1345 556 1399 <puta
567 1345 774 1399 irregularitatem)
787 1347 811 1388 in
825 1358 871 1399 qua
886 1347 977 1400 dispen-

121 1413 182 1457 satio
197 1415 232 1455 est
245 1412 382 1460 obtinenda,
397 1416 421 1454 et
434 1413 485 1455 ideo
500 1414 628 1465 respiciunt
640 1412 796 1464 praeteritum
803 1426 812 1460 -;
835 1412 875 1454 sed
889 1425 917 1454 en
931 1414 976 1457 alia

100 1522 102 1524 ,
122 1483 189 1535 parte
203 1478 240 1521 ille
255 1481 321 1520 actus
334 1478 433 1521 illicitus
446 1491 487 1531 per
500 1479 700 1531 dispensationem
713 1490 760 1519 non
773 1476 874 1520 habetur
886 1482 914 1520 ut
927 1479 977 1521 lici-

121 1549 177 1588 tus:
199 1557 269 1587 causa
289 1545 605 1597 irregularitatismanente,
626 1545 695 1588 unice
717 1543 822 1586 aufertur
840 1544 977 1588 inhabilitas

121 1625 152 1654 ex
164 1611 336 1663 irregularitate
351 1611 457 1654 oriunda.
482 1612 542 1665 Ergo
557 1611 609 1653 illae
624 1610 817 1663 dispensationes,
832 1622 977 1663 quamquam

125 1680 195 1721 datae
210 1676 239 1718 ob
255 1676 345 1719 iactum
360 1679 521 1729 praeteritum,
548 1680 627 1720 tamen
642 1677 730 1729 partim
745 1675 800 1733 talis
815 1680 869 1718 suut
883 1677 975 1726 indolis,

122 1748 149 1787 ut
161 1743 300 1787 facultatem
310 1743 440 1795 praebeant
449 1744 551 1798 legitime
563 1743 666 1796 ponendi
676 1743 700 1784 in
713 1742 820 1785 futurum
830 1747 897 1785 actus
907 1747 977 1787 antea

121 1810 260 1865 prohibitos,
272 1811 376 1863 adeoque
387 1811 495 1854 relaxant
505 1811 579 1863 legem
589 1822 650 1863 quae
661 1808 768 1852 absolute
778 1809 900 1852 statuebat
909 1810 977 1853 inha-

121 1878 239 1920 bilitatem
253 1875 292 1929 (3).
687 1918 689 1920 ,
972 1919 974 1921 .

150 1943 171 1987 5.
187 1943 251 1994 Quae
261 1943 339 1986 omnia
349 1943 484 1986 confirmari
491 1945 589 1996 possunt
596 1946 649 1985 tum
658 1954 684 1983 ec
693 1940 784 1994 influcu
798 1942 811 1982 I
812 1941 859 1982 uris
869 1941 975 1991 Romani,

121 2011 185 2065 quod
199 2010 276 2063 plures
291 2009 479 2062 dispensationes
494 2009 653 2052 antefactum
669 2006 813 2051 admittebat
825 2006 864 2060 (4),
880 2011 933 2051 tum
948 2022 978 2051 ex
1003 2014 1004 2018 ’

122 2077 219 2119 textibus
240 2076 262 2119 S.
285 2075 417 2129 scripturae
439 2090 451 2118 a
474 2075 511 2117 SS.
526 2075 644 2118 *Patribus
666 2074 750 2135 allatis,
773 2086 832 2127 quae
864 2073 976 2117 exhibent

121 2143 228 2196 exempla
241 2143 443 2195 dispensationum
456 2144 486 2185 ad
497 2142 632 2185 faciendum
644 2141 684 2194 (5).

151 2211 196 2252 Per
209 2209 305 2251 modum
320 2208 473 2249 conclusionis
486 2209 582 2262 proinde
595 2208 724 2250 statuimus
747 2218 787 2259 per
801 2218 885 2248 novem
899 2207 977 2259 priora

121 2277 213 2321 saecula
224 2276 295 2317 fuisse
307 2288 428 2317 concessas
442 2286 503 2315 uerus
515 2273 703 2327 dispensationes,
716 2273 788 2315 etiam
801 2272 829 2313 ed
839 2272 975 2324 faciendum,

122 2358 160 2386 eas
171 2354 217 2383 non
229 2341 300 2394 fuisse
313 2342 359 2381 torn
370 2353 436 2381 rarus
459 2345 486 2382 ut
498 2341 653 2383 communiter
667 2340 770 2389 docetur,
784 2352 822 2382 eas
833 2339 899 2380 nullo
911 2340 976 2382 modo

121 2403 262 2462 'identificnri
275 2420 340 2461 posse
357 2419 408 2447 curn
425 2406 580 2454 absolutione,
596 2409 619 2448 et
635 2418 665 2448 ex
680 2406 725 2449 alia
740 2409 814 2458 parte,
830 2406 913 2448 saltem
929 2420 975 2449 non

121 2489 188 2531 posse
204 2475 298 2529 probari
315 2472 433 2526 episcopos
460 2485 500 2526 per
516 2474 611 2525 quatuor
627 2473 706 2526 priore
722 2471 815 2513 saeculo
831 2472 855 2512 in
873 2472 977 2514 omnibus

124 2541 207 2596 legibus
222 2539 379 2582 ecclesiasticis
395 2538 546 2593 dispensasse.
673 2536 677 2540 '

161 2738 181 2782 1)
197 2737 325 2773 Gnnoonrus
337 2737 346 2770 Ι
356 2747 360 2778 ;
371 2738 397 2772 cl,
409 2745 425 2772 c.
438 2735 455 2777 1,
466 2737 492 2771 D.
502 2735 520 2771 4.

161 2794 181 2837 2)
198 2793 228 2829 Ci.
239 2794 355 2835 sareanen,
366 2803 384 2828 o.
395 2802 410 2828 c.
421 2802 442 2837 p.
450 2790 521 2827 Ἰ45-46.

161 2850 181 2894 3)
198 2849 227 2886 cf.
239 2849 348 2892 sennenn,
358 2859 375 2885 0.
386 2859 410 2891 e,
420 2850 437 2886 t.
449 2848 465 2891 1,
475 2857 496 2898 p.
507 2847 554 2884 172.

160 2905 180 2950 4)
197 2907 227 2942 Gt.
241 2914 310 2950 supra,
322 2915 343 2951 p.
354 2906 372 2941 3.
423 2907 425 2909 '

162 2961 183 3008 5)
198 2960 228 3009 Gi!
243 2970 311 3012 supra,
325 2970 347 3014 p³
361 2961 393 3008 122

151 2739 158 2782 (

152 2795 158 2839 (

151 2851 158 2895 (

152 2908 159 2953 (

151 2963 158 3008 (
