2182 3277
135 172 180 223 ’146
332 185 365 222 na
375 182 610 224 ursanusnrrorneus
630 186 697 222 Arrio
707 187 874 222 ouonnrrsrns
936 212 937 215 .

137 302 210 346 sandi
225 301 250 344 in
265 300 348 354 poenis
363 312 405 354 pro
421 299 572 343 mediocribus
588 301 732 346 criminibus.
749 300 802 350 Alii,
819 302 847 342 ut
862 300 994 343 Hucuccro

146 368 243 412 innuere
263 367 366 415 videtur,
388 367 496 411 sentiunt
515 369 588 412 talem
609 369 809 423 dispensationem
830 367 858 409 ah
880 367 995 421 episcopis
1043 366 1048 373 “

121 451 123 454 ·
146 437 243 478 tantum
258 446 327 487 posse
344 433 439 476 concedi
454 434 479 476 in
495 435 588 477 casibus
604 449 617 477 a
631 436 681 477 iure
696 435 818 488 praevisis,
835 446 876 475 seu
891 434 996 487 quoties*

142 512 244 555 cumque
255 500 358 543 facultas
369 500 402 541 eis
415 501 444 542 ad
455 498 500 542 hoc
510 499 558 541 init
569 501 662 544 collata.
686 501 739 554 Ipse
751 504 834 547 autern
841 498 886 541 hoc
897 500 948 542 loco
959 502 994 541 te-

142 570 184 609 net
195 566 257 610 hanc
268 568 414 619 potestatem
426 565 458 608 eis
470 570 603 619 competere
614 567 811 621 quotiescumque
822 565 858 607 ius
869 566 936 608 illam
947 558 993 609 non

146 633 281 686 specialiter
300 631 448 685 denegavit(
463 631 479 686 ).

174 699 202 743 ln
214 698 259 741 hac
272 699 434 742 controversia
445 702 582 753 reponenda
603 703 638 743 est
661 700 725 754 origo
750 698 849 754 duplicis
870 699 933 742 illius
946 698 995 754 opi·

141 766 218 811 nionis
238 778 300 819 quae
319 768 404 819 postea
424 761 519 815 erronee
540 766 699 820 applicabitur
720 767 891 821 dispensationi
911 766 993 808 stricte

142 833 227 881 dictae,
242 835 267 874 et
279 841 391 884 magnum
404 830 523 875 influxum
536 832 635 875 habebit
646 833 671 875 in
684 833 870 877 ecclesiasticam
893 831 995 885 discipli-

138 897 251 955 xnam(2),.
937 921 942 922 ν

169 965 190 1007 7.
201 963 343 1007 Formaliter
352 976 399 1007 non
408 964 550 1017 proponitur
561 964 648 1019 opinio,
659 964 729 1008 iuxta
739 977 810 1019 quam
820 965 889 1007 semel
899 963 993 1019 permis-

139 1028 282 1085 dispensoiio
295 1030 353 1073 a‘R.
367 1030 486 1074 Pontiiice
500 1031 572 1075 etiam
584 1031 608 1087 ip
621 1044 677 1074 casu
690 1032 830 1085 particulari
842 1033 946 1075 includit
958 1032 994 1072 ius
1038 1060 1040 1063 -

139 1098 303 1151 episcoporum
323 1097 475 1149 dispensandi
494 1099 564 1140 modo
584 1098 686 1149 generali
707 1098 732 1141 in
752 1098 868 1141 similibus
891 1098 992 1141 casibus.

140 1164 208 1207 Hanc
218 1167 300 1208 tamen
310 1163 417 1207 insinuat
428 1163 508 1205 Sinon
515 1175 549 1204 DE
558 1163 690 1205 Brsnvrmvo
700 1164 724 1206 in
735 1164 812 1216 glossa
822 1167 851 1207 ad
863 1165 992 1208 auctorita·
1036 1168 1037 1171 ’

137 1235 186 1275 tem
202 1245 216 1274 a
231 1230 346 1273 Gratiano
363 1219 460 1272 allatam
472 1229 506 1283 (3)
520 1230 544 1274 in
560 1244 607 1293 qua
621 1229 739 1274 Martinus
762 1227 827 1285 Papa
842 1232 950 1285 permisit
965 1232 991 1271 ut
1063 1238 1069 1240 ··

137 1298 247 1351 bigamus
258 1297 289 1340 a'd
299 1296 500 1339 subdiaconatum
510 1300 680 1349 promoveatur
691 1310 695 1337 :
720 1313 728 1335 1
740 1297 867 1348 Quaeritur
878 1310 908 1341 an
919 1297 992 1340 ratio·
1054 1322 1061 1326 ›

141 1377 170 1408 ne
183 1364 254 1406 huius
268 1362 458 1415 dispensationis,
474 1362 575 1417 quilibet
588 1363 712 1417 episcopus
726 1376 768 1406 sua
782 1365 926 1407 auctoritate
939 1376 998 1417 pos--

143 1431 175 1473 sit
193 1430 300 1483 bigamos
321 1431 351 1471 ad
370 1428 570 1489 subdiaconatum
589 1441 756 1482 promovere»,
778 1430 828 1473 aliis
846 1423 942 1472 verbis:
962 1441 991 1471 an

141 1498 234 1552 possint
248 1497 273 1538 in
287 1495 332 1538 hac
347 1495 521 1548 irregularitate
536 1494 638 1548 generali
652 1497 723 1538 modo
740 1497 882 1550 dispensare.
898 1495 931 1537 Et
945 1509 990 1538 res-

125 1598 127 1602 .
141 1565 248 1617 pondet:
264 1579 272 1600 1
283 1562 333 1604 Nos
347 1561 406 1603 illud
420 1572 466 1602 non
483 1563 651 1605 concedimus»
663 1561 705 1615 (4).
722 1562 780 1605 Inde
795 1563 936 1616 intelligitur
951 1574 994 1604 cur·

140 1629 288 1672 Decretistae
307 1628 449 1672 facultatem
469 1629 584 1672 minorem
604 1629 757 1683 dispensandi
778 1631 911 1672 concedant
931 1629 991 1682 epis-

138 1697 210 1750 copis,
228 1707 300 1750 quam
318 1694 491 1737 Decretalistae
507 1695 556 1748 qui,
573 1698 599 1737 ut
615 1698 700 1748 postea
716 1696 827 1745 dicemus,
845 1694 989 1750 principium

136 1777 149 1806 a
162 1762 256 1806 Simone
268 1764 296 1804 de
306 1761 427 1804 Bisiniano
439 1765 553 1814 negatum
565 1762 722 1805 communiter
733 1763 869 1805 admittent.

331 1886 504 1932 CONCLUSIO
519 1886 632 1931 PARTIS
647 1887 787 1942 TERTIAE

163 2015 273 2064 Breviter
284 2026 345 2074 quae
356 2015 380 2062 in
391 2012 435 2061 hac
446 2013 518 2061 Parte
530 2016 682 2072 exposuimus
705 2017 738 2060 sic
759 2016 850 2062 resumi
866 2030 937 2074 posse
957 2018 991 2062 vi-

136 2091 229 2134 dentur.

165 2154 313 2197 Decretistae
326 2152 458 2201 doctrinam
470 2151 595 2194 inridicam
607 2152 636 2194 dc
648 2150 825 2204 dispensatione
837 2153 861 2194 in
872 2152 991 2196 collectio-

74 2215 75 2219 *
134 2222 204 2265 nibus
218 2219 366 2263 saeculorum
381 2216 416 2258 IX
430 2221 454 2260 et
465 2212 490 2257 X
502 2219 550 2260 iam
564 2218 733 2260 adumbratam
748 2221 772 2259 et
785 2232 798 2261 a
812 2218 926 2263 Gratiano
949 2224 988 2275 'pe-

58 2275 61 2280 '
132 2289 207 2333 nitius
221 2288 269 2330 iam
285 2285 426 2339 expositam,
449 2285 520 2346 plane
543 2284 658 2327 evolvunt
680 2287 704 2326 et
719 2284 787 2338 plura
811 2286 927 2340 principia
942 2292 989 2333 sta-

133 2359 208 2398 tuunt
230 2366 293 2408 quae
314 2352 339 2394 in
362 2351 476 2394 hodierno
502 2350 586 2393 Codice
607 2351 665 2392 iuris
689 2351 796 2393 canonici
818 2351 988 2396 inscribuntur.

132 2421 211 2464 Huius
221 2413 370 2462 ¹evolutionis
384 2430 455 2460 causa
469 2417 597 2471 praecipua
611 2417 659 2458 fuit
671 2418 801 2470 applicatio
814 2418 860 2459 iuri
875 2421 987 2462 canonico

131 2488 302 2542 principiorum
322 2485 380 2526 iuris
399 2484 512 2527 Romani.
525 2483 665 2534 Accedunt,
686 2485 833 2536 praesertim
854 2487 884 2528 ad
904 2486 989 2539 proba-

154 2686 184 2733 (1)
201 2685 233 2725 cr.
245 2685 274 2742 aa
285 2695 305 2724 v.
318 2684 341 2722 ra
351 2684 461 2732 potestate,
474 2691 491 2722 ο.
503 2680 536 2728 aa,
549 2681 575 2722 o.
587 2680 692 2721 1.-ύοοο
705 2693 744 2721 ms.
757 2682 845 2721 aava.
857 2657 896 2720 ur.
909 2680 986 2723 narse

207 2748 219 2768 v
232 2760 235 2762 ,
368 2755 370 2759 .

53 2846 58 2849 ,
126 2742 233 2845 ῘΟ11214901,
241 2745 302 2835 enda
320 2806 341 2844 p.
353 2799 399 2836 are.
410 2797 572 2835 4101110111
583 2806 599 2833 e.
612 2796 631 2841 5,
644 2798 665 2834 0,
679 2794 694 2841 1,
707 2807 727 2842 q.
740 2794 766 2840 r;
778 2798 806 2833 ao
816 2805 833 2832 e.
846 2796 865 2840 4,
877 2796 903 2832 o.
915 2796 931 2831 L
942 2807 947 2840 ;
958 2796 986 2832 au

127 2856 272 2957 &33³3ss
284 2911 310 2947 o.
327 2905 434 2949 xxm.

97 3017 98 3020 Ἴ
152 2968 182 3014 (4)
200 2968 253 3005 cod.
265 2973 305 3004 ms.
317 2968 354 3005 eit.
365 2967 402 3006 fol.
414 2969 442 3011 5¹,
454 2965 494 3005 001,
506 2966 525 3003 21
