2182 3277
425 231 502 261 INDEX
513 230 665 277 ANALYTIGUS
694 233 700 248 ’“’

311 341 329 377 3.
344 341 371 377 ab
390 339 524 378 absolutione
532 341 554 377 in
563 342 638 386 poenis
654 332 886 387 medicinalibus‚·-4.
900 341 922 377 et
974 393 976 395 ι
992 370 1009 393 Χ,

311 398 337 432 ah
354 398 533 442 interpretatione
549 398 609 444 legis.
673 438 675 440 ,

243 471 285 523 §2
298 471 333 512 De
345 470 485 515 definitione
498 472 681 525 dispensationis
693 484 761 515 sensu
772 471 820 513 lato
854 504 858 513 .
892 504 896 513 .
931 471 976 513 ide
1031 525 1033 527 ,

310 541 327 576 1.
344 542 412 576 sensu
421 541 466 577 lato
479 542 511 575 est
521 543 595 591 rigoris
607 543 713 587 mitigatio
726 551 751 576 ex
762 542 907 578 misericordia
1034 532 1037 534 μ

309 596 344 632 vel
353 599 470 641 aequitate.
482 616 510 622 -
520 598 538 634 2.
552 598 707 644 Decretalistae
717 600 797 636 vocant
809 599 917 643 dispensa·
954 617 956 621 Α
979 605 983 610 ’

299 655 390 689 'tionem
401 654 517 704 licentiam,
544 655 602 690 -3.
616 655 772 699 mitigationem
785 664 873 701 poenae,
886 673 914 680 -
997 688 1000 691 χ
1030 682 1032 684 ψ

310 711 328 746 4,
346 712 368 745 et
383 712 534 756 poenitentiae.
877 726 878 729 ¹
969 717 972 720 ’
997 708 998 711 ’
1045 714 1048 716 ’

241 783 283 835 §.t
297 784 522 841 Dedispensatione
536 786 560 824 et
573 783 696 837 privilegio
736 816 740 825 .
775 817 778 825 .
812 817 830 825 .,
850 817 855 826 .
888 818 906 834 ,¹
926 784 967 838 16¹8
1021 785 1023 788 ’
1058 817 1060 819 >

311 854 328 889 1.
344 842 480 898 Dispensatio
502 863 515 891 a
536 854 646 898 privilegio
668 854 764 888 nondum
785 843 840 891 clare
863 855 904 889 dis-
988 850 991 853 ’

309 911 423 955 tinguitur,
442 929 469 947 *i
486 910 504 945 2.
525 912 651 956 praesertim
670 920 683 948 a
702 909 810 954 privilegio
830 904 906 948 contra

308 968 347 1009 ius,
361 968 508 1011 quod‘tamen'
519 967 630 1002 interdum
643 968 758 1002 secernitur
771 976 783 1004 a
797 967 904 1010 dispensa-

307 1024 371 1059 tione.
381 1042 409 1047 —-
417 1024 435 1059 3.
447 1023 575 1060 Differentia
584 1024 641 1058 inter
650 1025 766 1068 utrumque
774 1025 848 1060 tamen
858 1033 901 1059 non
918 1064 921 1065 ⁷

285 1081 286 1084 ’
308 1080 421 1117 indicatur.
535 1081 539 1084 “

177 1163 259 1205 CAPUT
270 1162 301 1204 ΙΙ.
314 1163 349 1205 De
365 1164 438 1207 uariis
456 1162 577 1216 speciebus
596 1163 798 1217 dispensationum
850 1197 854 1206 .
887 1197 891 1207 .
927 1163 968 1206 170

195 1257 201 1263 ³
239 1239 281 1291 §i
295 1240 330 1282 De
345 1240 519 1293 dispensatione
535 1253 644 1293 expressa
658 1242 682 1282 et
694 1241 770 1283 tacit-a
811 1273 815 1282 .
849 1274 854 1282 .
887 1274 891 1284 .
926 1241 974 1294 171,

309 1311 327 1346 1.
344 1312 444 1355 Quaestio
459 1311 484 1345 de
496 1312 612 1349 existentia
635 1311 797 1358 dispensationis
817 1311 901 1358 tacitae

308 1368 395 1412 eiusque
410 1368 549 1403 momentum.
566 1386 593 1391 —
608 1368 625 1402 2.
643 1368 772 1412 Opinionnm
788 1368 901 1405 diversitas

308 1425 366 1468 apud
384 1425 503 1469 scriptores.
522 1443 550 1448 ——
566 1425 584 1460 3.
606 1424 741 1459 Innocentius
762 1423 790 1459 IV
807 1434 850 1459 non
867 1433 899 1458 re-

308 1481 374 1525 quirit
385 1482 458 1516 actnm
468 1479 580 1518 formalem
594 1481 763 1525 dispensationis
776 1499 803 1505 —-
812 1481 831 1516 i.
844 1481 899 1516 Hos-

306 1538 380 1572 tiensis
398 1538 579 1582 dispensationem
594 1538 685 1576 tacitam
714 1537 786 1581 potius
812 1538 899 1573 videtur

306 1593 390 1636 reicere,
407 1603 470 1639 quem
486 1592 522 1631 alii
538 1596 663 1639 sequuntur.

239 1666 249 1718 ἓ
260 1667 281 1708 2.
294 1667 330 1708 De
340 1667 515 1719 dispensatione
524 1667 601 1709 tacita
611 1670 635 1709 et
645 1666 831 1709 dissimulatione
850 1695 856 1708 .—
888 1700 893 1709 .
927 1666 969 1709 174

308 1737 444 1781 Dispensatio
451 1746 465 1773 a
473 1736 642 1773 dissimulatione
650 1737 794 1781 distinguitur,
802 1755 830 1761 —
836 1737 853 1773 1.
863 1738 902 1773 Oc-

306 1793 360 1831 casio
378 1794 487 1829 doctrinae
503 1794 558 1831 circa
575 1793 780 1828 dissimulationem:
796 1795 903 1837 quaedam

308 1849 423 1887 decretales
440 1858 537 1887 coaevae.
555 1869 582 1874 -
598 1851 616 1886 2.
635 1850 738 1887 Doctrina
754 1850 859 1887 Tancredi
877 1851 902 1885 de

307 1907 395 1941 notione
413 1905 596 1942 dissimulationis.
614 1924 641 1931 —
656 1907 675 1942 3.
694 1906 797 1942 Doctrina
816 1906 902 1942 Ioannis

305 1963 416 1997 Teutonici
430 1963 452 1997 et
466 1963 560 2000 Damasi.
575 1982 604 1987 —-
617 1963 635 1998 4.
652 1963 706 2006 Quia
718 1963 772 1997 istae
787 1963 902 2001 decretales

304 2019 465 2054 omittunturin
474 2017 622 2054 Decretalibus
630 2019 724 2063 Gregorii
743 2019 781 2061 IX,
789 2019 901 2054 resiitmi-
958 2022 961 2026 '

303 2076 360 2110 noris
375 2073 484 2111 momenti.
501 2094 528 2104 -ψ
542 2075 559 2111 5.
576 2075 726 2112 Goiireduset
747 2076 901 2120 subsequentes

303 2132 425 2173 admittunt
438 2130 629 2178 dissimulationem
640 2130 749 2168 involvere
762 2132 902 2176 dispensatio-

304 2192 359 2224 nem.
377 2188 424 2223 —e
444 2188 543 2230 Quaestio
562 2197 658 2225 connexa
677 2188 702 2222 de
719 2186 797 2231 triplici
814 2189 902 2232 permis-

306 2243 363 2279 sione
374 2242 448 2286 lihera‚
460 2242 560 2293 absoluta
571 2244 594 2278 et
605 2243 758 2288 comparativa.

238 2315 280 2367 §a
293 2316 328 2358 De
341 2315 516 2370 dispensatione
529 2315 618 2365 (lenita,
631 2315 750 2370 prohibita
763 2319 786 2358 et
798 2316 895 2370 permis·
985 2326 989 2328 ’

356 2396 381 2425 sa
427 2414 738 2425 .........
764 2414 777 2425 ι.
810 2416 814 2425 .
848 2416 853 2425 .
886 2403 903 2426 .·
925 2384 965 2428 181

309 2453 326 2489 1.
342 2453 406 2488 Vario
413 2437 485 2488 'sensu
500 2451 620 2498 explicatur
636 2454 763 2498 dispensatio
781 2453 860 2491 debita
875 2472 903 2479 -

306 2509 325 2545 2.
341 2509 421 2544 Debita
435 2507 561 2554 intelligitur
577 2511 679 2555 exparte
696 2510 838 2554 dispensantis
853 2510 902 2548 tan-

305 2566 360 2608 turn,
376 2585 404 2591 —-
420 2567 438 2603 3.
456 2565 478 2599 et
493 2565 581 2609 quidem
598 2571 624 2600 ex
640 2565 734 2611 quadarn
751 2566 902 2602 convenientia
954 2576 957 2582 ·

305 2622 357 2657 adeo
371 2623 397 2657 ut
409 2622 437 2656 sit
447 2621 519 2666 potius
531 2622 640 2666 permissa.
653 2641 680 2647 -κ
690 2621 709 2657 4.
721 2621 754 2658 An
767 2623 789 2657 et
799 2632 841 2667 quo
854 2631 900 2658 sen-

303 2687 328 2712 su
339 2677 468 2722 dispensatio
480 2677 507 2712 sit
516 2678 555 2713 ius.
567 2697 594 2703 »-
604 2679 622 2714 5.
635 2676 750 2714 Conclusio.
762 2697 789 2703 ——
798 2678 896 2715 6.lilodus

306 2743 375 2769 novus
392 2734 493 2779 loquendi
512 2733 599 2770 Ioannis·
614 2734 718 2773 Andreae.

195 2859 197 2861 Υ
245 2805 287 2857 §5
300 2807 335 2849 De
350 2808 402 2849 allis
417 2808 620 2859 dispensatiorunn
636 2807 776 2861 speciebus.
810 2840 814 2848 .
848 2840 852 2849 .
886 2840 891 2849 .

308 2868 325 2902 i.
341 2867 478 2911 Dispensatio
486 2867 609 2906 voluntaria
617 2870 639 2902 et
645 2867 785 2906 rationabilis.
793 2886 820 2893 -
827 2868 845 2903 2.
854 2868 902 2903 Dis-

305 2916 402 2966 pensatio
419 2924 513 2969 pietatis,
531 2925 582 2971 iuris
599 2926 621 2960 et
637 2925 720 2967 iudicis
736 2941 763 2949 —
779 2924 797 2960 3.
814 2932 900 2969 magna,

304 2980 371 3024 maior
380 2980 402 3015 et
411 2979 511 3027 maxima
