2139 3277
301 241 334 269 DE
344 241 541 271 nrsransxrroua
555 243 579 272 ru
589 241 653 273 voro
923 228 966 272 213

95 372 98 379 .
125 344 287 399 Obicientibns
303 348 362 390 tales
380 351 447 390 actus
462 348 537 390 videri
554 335 674 393 involvere
693 348 901 402 dispensationem,
914 360 965 389 *res-

124 411 230 463 pondent
244 411 364 466 Huguccio
380 414 465 468 aliique
478 417 533 467 post
544 415 637 468 ipsum:
651 431 659 453 a
670 427 719 457 non
734 416 800 457 adest
812 414 844 455 ibi
872 413 966 467 dispen-

122 477 181 519 satio
194 479 234 520 sed
245 479 302 521 iuris
315 480 449 528 declaratio,
467 492 520 522 cum
532 481 594 524 enim
607 482 659 534 quis
671 481 741 523 vovit
764 481 907 534 peregrinari
924 479 962 521 rel

122 542 245 594 abstinere,
265 546 466 598 subintelligitur:
486 546 504 587 si
524 548 645 589 commode
670 547 723 604 lieri
741 550 840 600 potest»
853 545 893 599 (1).

153 609 293 652 Concludere
310 608 408 664 proinde
425 624 549 664 possumus
565 613 652 665 priores
671 612 846 660 Decretalistas,
865 612 909 653 sub
926 612 962 655 in·

121 675 188 718 fluxu
202 678 354 719 decretalium
368 677 495 720 Alexandri
511 678 555 726 ΙΙΙ,
570 690 611 731 pro
625 678 690 720 votis
703 680 851 728 voluntariis,
866 678 962 731 praeter

121 745 204 784 uotum
225 743 342 786 castitatis
363 747 385 785 et
405 744 530 796 religionis,
552 744 676 787 admittere
707 744 916 787 commutationem
937 736 961 785 et

121 809 312 862 redemptionem,
328 822 388 863 quae
402 813 465 856 sunt,
478 810 606 852 secundum
621 811 744 864 quosdam,
755 810 963 863 interpretationes

117 874 176 916 iuris
194 868 339 920 communius
357 879 436 920 autem
454 878 575 919 excludere
589 876 795 930 dispensationem,
810 879 925 931 quaprota
934 889 962 918 ex

119 944 170 983 toto
182 942 337 985 irritarentur.
367 943 411 984 Pro
436 947 493 984 voto
517 946 643 997 perpetuae
658 944 784 991 castitatis,
801 943 873 986 etiam
886 942 962 984 ordini

121 1008 218 1056 adnexo,
233 1009 362 1060 generatim
375 1012 458 1052 tenent
472 1012 555 1051 eontra
567 1008 736 1057 Alexandrum,
751 1009 882 1051 doctrinam
896 1020 962 1050 seue-

119 1073 203 1114 riorem
218 1074 283 1115 cuius
299 1074 425 1116 Gratianus
439 1074 519 1126 posuit
527 1074 681 1127 principium,
695 1075 753 1116 illud
767 1086 850 1129 nempe
864 1087 912 1115 esse
925 1074 961 1118 in-

120 1138 282 1192 dispensabile.

145 1206 298 1247 Baunannns
311 1205 444 1247 Parrausrs
457 1210 545 1265 tamen,
562 1219 590 1248 ex
604 1208 748 1249 auctoritate
761 1206 823 1248 illius
837 1206 960 1248 decretalis

119 1270 253 1322 Alexandri,
267 1285 313 1326 qua
325 1273 445 1326 permittit
455 1270 644 1328 matrimonium?
654 1285 753 1325 sponsae
765 1286 825 1326 quae
836 1285 865 1313 ex
875 1272 961 1313 timore

120 1339 255 1382 castitatem
271 1343 377 1388 uouerat,
395 1339 503 1382 admittit
518 1340 582 1382 nulla
597 1340 754 1392 explicatione
771 1339 853 1381 addita
868 1339 962 1392 dispen-

119 1405 234 1449 sationem
249 1406 300 1447 uoti
316 1406 435 1447 castitatis
450 1406 570 1458 simplicis,
587 1419 633 1448 non
649 1406 759 1449 solemnis
771 1405 811 1459 (2).
878 1413 880 1416 “

80 1475 82 1477 ’
145 1470 165 1512 i.
202 1471 338 1525 Antequam
365 1472 549 1515 controuersiam
577 1472 674 1513 ulterius
693 1475 845 1524 exponamus,
865 1474 960 1523 oportet

116 1538 180 1590 prius
192 1539 310 1591 indagare,
324 1550 452 1591 quamnam
464 1538 529 1579 uiam
543 1538 695 1581 Innocentius
710 1538 746 1578 ΙΙΙ
758 1539 878 1580 insecutus
892 1539 924 1579 sit
936 1538 961 1581 in

117 1617 159 1646 sua
171 1604 326 1657 legislatione.
343 1604 370 1648 In
384 1605 495 1647 decretali
510 1617 530 1646 a.
547 1604 722 1653 radicatam
737 1604 907 1658 Compilatione
923 1603 960 1645 ΙΙΙ

117 1670 205 1713 inserta
217 1674 240 1712 et
251 1671 276 1713 in
287 1672 424 1715 collectione
438 1670 541 1723 Gregorii
555 1669 590 1711 IX
601 1674 730 1725 resumpta,
743 1672 848 1724 sequitur
859 1671 959 1722 rigorem

117 1732 285 1790 Huggucionis,
300 1737 365 1779 cuius
377 1736 455 1779 iuerat
468 1737 584 1780 alumnus.
599 1736 656 1780 Cum
670 1740 751 1780 autern
762 1737 803 1779 illa
816 1736 957 1789 Compilatio

116 1803 144 1845 ab
164 1804 215 1856 ipso
238 1803 375 1848 Innocentio
396 1803 531 1847 authentice
551 1803 623 1845 tuerit
642 1804 799 1857 promulgata,
821 1803 957 1845 canonistae

52 1914 53 1917 Ἴ
116 1869 236 1926 difficilius
260 1870 379 1912 doctrinae
402 1871 450 1912 eius
473 1863 675 1914 contradixerunt.
701 1869 851 1912 Innocentius
874 1872 958 1910 votum

114 1937 216 1979 solemne
229 1935 413 1989 indispensabile
428 1936 531 1978 declarat
546 1935 575 1977 ob
590 1936 654 1978 aliud
667 1939 749 1980 tamen
762 1936 887 1978 motivum.
903 1935 957 1977 Non

115 2000 179 2045 enim
184 2002 228 2044 hoc
238 2003 333 2044 deducit
342 2015 371 2044 ex
378 2002 506 2045 intrinseca
514 2002 565 2044 voti
574 2003 673 2050 ratione,
682 2003 751 2044 iuxta
760 2014 831 2055 quam
839 2001 954 2054 obligatio

114 2069 213 2110 oriretur
221 2082 250 2110 ex
257 2069 306 2110 iure
314 2068 424 2117 naturali,
434 2069 473 2110 sed
482 2068 566 2111 exinde
575 2070 637 2123 quod
645 2072 730 2111 uotum
738 2069 795 2109 illud
803 2068 886 2110 intime
903 2080 958 2109 con-

114 2136 217 2177 nectitur
228 2135 371 2188 cumregula
382 2135 522 2177 monachali.
534 2135 576 2177 Ait
587 2135 649 2179 enim
661 2148 666 2175 :
682 2150 690 2172 Ι
701 2134 749 2176 Nec
762 2135 871 2177 aestimet
883 2132 957 2175 abbas

113 2203 176 2255 quod
187 2214 256 2255 super
266 2201 375 2245 habenda
385 2201 531 2254 proprietate
541 2202 616 2254 possit
628 2213 680 2244 cum
693 2201 771 2255 aliquo
783 2201 898 2244 monacho
911 2200 957 2241 dis-
1011 2208 1013 2210 ’

112 2279 217 2321 pensare,
233 2268 289 2323 quia
303 2267 422 2310 abdicatio
437 2267 589 2321 proprietatis
603 2270 627 2309 et
642 2268 751 2310 custodia
766 2267 884 2309 eastitatis
899 2268 957 2309 adeo

79 2344 85 2347 ⁴
113 2347 209 2378 annexa,
220 2338 255 2376 est
270 2334 363 2387 regulae
378 2333 519 2382 monachali,
536 2336 564 2375 ut
580 2337 662 2377 contra
678 2344 731 2376 eam
747 2346 789 2377 nec
805 2334 827 2375 S.
842 2332 956 2375 Pontifex

112 2401 186 2454 possit
202 2400 375 2453 indulgentiam
392 2399 512 2453 indulgere
522 2416 530 2438 i)
542 2400 582 2453 (3).

134 2535 163 2579 (1)
180 2536 209 2572 cf.
220 2536 368 2578 Raxnunuus,
378 2535 471 2578 summa,
481 2536 504 2571 L.
517 2535 532 2578 I,
541 2535 575 2571 nt.
586 2535 604 2578 8,
617 2535 654 2577 §A
664 2549 671 2567 u
683 2536 775 2578 Quidam
785 2535 859 2570 dicunt
876 2535 956 2581 simpli-

107 2593 164 2634 citer,
176 2592 234 2636 quod
241 2600 279 2627 nec
287 2592 352 2626 etiam
361 2601 419 2637 papa
428 2593 501 2636 potest
510 2592 532 2627 in
541 2592 597 2626 votis
609 2593 738 2636 dispensare,
748 2592 797 2635 quia
807 2592 898 2628 redditio
911 2592 959 2628 voti

107 2649 139 2682 est
149 2649 174 2683 de
182 2648 228 2683 iure
236 2647 330 2685 naturali
340 2649 384 2683 sive
394 2648 473 2690 divino,
484 2649 559 2684 contra
568 2649 626 2693 quod
634 2659 677 2684 non
688 2649 845 2692 dispensatur...
865 2650 914 2684 Hoc
923 2650 954 2683 te-

106 2706 144 2740 net
153 2704 271 2749 Huguccio,
283 2705 358 2739 eteius
369 2712 476 2748 sequaces.
488 2705 509 2739 Si
519 2705 641 2748 opponatur
652 2706 680 2739 eis
693 2705 718 2739 de
728 2705 905 2748 commutatione,
918 2705 955 2740 uel

105 2762 253 2806 redemptione
264 2762 394 2803 votorum...
406 2761 538 2805 respondent
549 2762 607 2804 quod
617 2771 660 2796 non
673 2761 705 2794 est
716 2761 746 2795 ibi
757 2761 897 2805 dispensatio,
919 2762 957 2796 sed

82 2862 84 2865 Ι
105 2818 156 2852 iuris
165 2817 288 2859 declaratio,
297 2825 345 2851 curn
354 2817 411 2852 enim
420 2817 466 2861 quis
474 2817 537 2853 vovit
544 2817 674 2862 peregrinari
682 2816 717 2852 vel
725 2815 839 2860 abstinere,
849 2818 953 2853 subintel-

105 2873 178 2917 ligitur
189 2875 207 2909 si
218 2874 329 2908 commode
339 2872 387 2908 iieri
397 2874 470 2916 potest
479 2886 493 2909 l.

133 2929 162 2972 (2)
179 2930 272 2973 Summa,
281 2930 304 2966 L.
316 2928 356 2972 ΙΙΙ,
365 2929 400 2964 tit.
411 2929 442 2972 29,
452 2930 590 2972 ΙΑεΡΕΥΒΕε,
598 2939 619 2973 p.
630 2929 675 2964 iii.

133 2984 163 3029 (3)
180 2986 200 3021 C.
214 2986 232 3028 6,
245 2986 273 3022 X.
286 2986 317 3021 De
328 2986 385 3021 siaiu
396 2986 549 3031 monachorum,
564 2985 604 3029 ΙΙΙ,
616 2985 648 3023 36,
660 3003 688 3010 »-
700 2994 717 3020 c.
730 2985 748 3029 2,
763 2986 835 3032 Comp.
861 2985 901 3029 Ili,
916 2984 956 3031 ΙΙΙ,
1010 3024 1015 3033 .-

105 3038 139 3077 27.
