2139 3277
57 158 59 160 ’
85 191 87 194 .
114 147 148 198 DE
157 152 862 201 DrerNsnrronninurebaturoiuioneronoiicoinsirurrraro
902 144 945 202 '200⁴

100 276 223 328 pondisset
245 288 268 317 se
291 276 427 321 huiusmodi
451 276 566 320 facultate
589 277 742 332 dispensandi
765 287 811 337 non
834 276 943 330 gaudere,

100 342 231 395 principem
245 342 367 386 induxisse
393 344 550 396 praecitatam
567 342 706 388 decretalem
722 342 851 385 Alexandri
869 342 906 383 lli
922 344 946 383 et

100 407 202 461 glossam
212 408 330 453 Vincentii
341 408 372 463 (i)
383 423 388 458 ;
401 411 441 451 sed
451 408 542 462 Papam
552 412 699 463 respondisse
710 425 714 452 :
733 427 742 449 r
752 406 893 453 maledictus
905 400 946 462 qui

100 476 124 515 te
140 474 246 516 docuit».
261 475 347 518 Petrus
360 474 441 518 tamen
456 476 524 518 addit
539 490 562 518 se
576 477 664 518 nescire
677 480 760 520 utrum
775 474 888 519 Pontifex
896 475 949 516 'dis-

99 542 235 593 pensaverit
251 539 324 584 necne
335 541 376 595 (2).

131 606 152 648 3.
170 607 320 649 Hosrransrs
344 609 424 661 potius
450 610 557 662 sequitur
579 608 681 653 Alanum
707 609 801 663 eiusque
825 620 945 663 sequaces,

102 685 155 716 cum
168 674 240 716 etiarn
251 674 301 727 ipse
313 677 397 717 teneat
408 676 586 718 matrimonium
597 678 677 718 ratum
689 687 737 717 non
751 677 941 718 consummatum

101 750 146 780 esse
162 737 330 791 dispensabile;
359 752 407 783 rem
430 744 512 783 tamen
535 741 604 784 modo
627 741 697 783 valde
722 741 812 782 diverso
828 740 938 793 explieat.

101 805 164 847 Dum
182 806 243 849 enim
261 805 352 848 Alanus
380 805 517 850 affirmabat
543 807 686 851 matrimonii
713 807 870 849 consummati
898 806 939 848 ab·

99 873 202 915 solutam
216 871 357 916 firmitatem
373 886 401 915 ex
414 873 464 915 iure
480 874 560 916 divino
575 873 698 927 profluere,
719 876 743 914 et
766 872 950 916 matrimonium.

101 949 149 981 non
162 942 353 982 consummatum
366 939 506 983 firmitatem
519 939 605 982 habere
618 953 646 981 ex
658 941 708 982 iure
721 939 879 982 ecclesiastico
892 940 946 981 tan-

100 1009 169 1054 tum;
188 1004 322 1048 Hostiensis
340 1010 422 1049 contra
436 1008 504 1049 tenet
520 1010 647 1060 utrumque
664 1006 843 1050 matrimonium
860 1018 889 1047 ex
906 1017 945 1046 ore

101 1071 145 1113 Dei
159 1071 285 1124 sumpsisse
298 1067 460 1130 efficientiam,
475 1073 531 1126 quia
543 1073 590 1115 iarn
604 1076 658 1115 ante
670 1073 745 1125 legem
758 1071 883 1120 Ecclesiae,
896 1071 943 1114 imo

100 1141 157 1182 ante
169 1138 359 1182 lncarnationem
371 1137 462 1187 Christi,
475 1148 600 1180 consensus
610 1138 791 1195 matrimonialis
801 1140 852 1195 erat
861 1149 945 1180 verum
1005 1174 1006 1178 ,

101 1207 283 1253 sacramentum,
295 1207 320 1246 et
330 1216 371 1258 per
383 1200 490 1258 copulam
502 1204 765 1258 consummatarum).
778 1203 944 1252 Nihilominus,

46 1298 48 1300 »
100 1271 206 1313 Ecclesia
219 1272 308 1324 gaudet
323 1273 442 1323 potestate
457 1272 609 1325 dispensandi
623 1272 648 1315 in
662 1271 814 1315 matrimonio
830 1272 881 1312 rato
897 1279 945 1314 non

100 1339 271 1386 consummato,
287 1350 335 1391 qua
349 1347 396 1381 non
409 1338 498 1390 gaudet
511 1339 583 1381 relate
598 1338 628 1381 ad
642 1338 822 1381 matrimonium
837 1348 944 1379 consum-

97 1406 207 1452 matum;
225 1415 307 1446 revera
325 1403 428 1447 Ecclesia
446 1405 569 1448 consensui
580 1405 629 1452 illo,
647 1417 693 1458 quo
711 1402 888 1446 matrimonium
906 1414 943 1444 ra-

99 1473 152 1513 tum
167 1473 263 1514 tantum
280 1470 435 1518 contrahitur,
448 1471 577 1524 quamdam
591 1470 732 1513 firmitatem
744 1482 784 1511 seu
797 1467 938 1512 ratificatio-

98 1549 153 1589 nem
171 1537 285 1590 adiungit,
322 1548 393 1590 quam
411 1540 580 1591 consequenter
597 1537 670 1580 etiam
688 1536 778 1579 auferre
795 1538 882 1589 potest,
900 1535 939 1576 vel

96 1605 122 1647 in
144 1616 191 1657 qua
210 1603 275 1645 valet
298 1603 439 1657 dispensare.
529 1650 531 1652 ,

128 1669 168 1712 Vis
177 1670 245 1711 istius
254 1669 421 1711 ratificationis
430 1673 500 1712 tanta
509 1673 580 1712 estut
589 1681 650 1712 unus
660 1671 760 1712 duorum
768 1668 874 1710 fidelium
884 1679 938 1710 con-

96 1737 186 1790 iugum,
204 1737 278 1778 altero
295 1736 399 1785 vivente,
417 1737 555 1789 regulariter
572 1736 635 1779 aliud
652 1736 830 1779 matrimonium
847 1737 940 1778 contra-

97 1803 151 1845 here
166 1813 213 1846 non
229 1802 312 1855 possit.
330 1802 375 1843 Sed
390 1801 463 1856 Papa,
480 1804 508 1845 de
523 1806 642 1856 potestate
658 1816 701 1845 sua
716 1802 831 1850 absoluta,
855 1814 896 1843 seu
912 1801 940 1842 de

96 1869 242 1923 plenitudine
260 1869 396 1922 potestatis,
423 1872 446 1910 et
464 1869 537 1928 etiam
555 1871 582 1911 de
602 1870 712 1913 ordinata
729 1870 848 1922 potestate
866 1868 936 1910 modo

96 1948 167 1978 causa
178 1935 261 1984 subsit,
275 1938 356 1987 potest
367 1935 427 1977 hanc
438 1936 553 1978 virtutem
566 1936 655 1978 auferre
666 1936 704 1977 vel
715 1935 740 1977 in
752 1947 778 1976 ea
790 1933 932 1986 dispensare.

98 2002 167 2044 Unde
180 1991 287 2054 sequitur
300 2013 398 2054 sponsos
412 2002 439 2043 de
451 2003 569 2058 praesenti
583 2005 638 2044 ante
651 2001 726 2043 carnis
740 2000 854 2060 copulam,
882 2012 937 2041 auc·
960 2022 962 2025 ν

96 2069 196 2110 toritate
208 2067 287 2121 Papae
300 2080 324 2108 se
336 2068 438 2110 invicem
450 2080 518 2121 posse
532 2067 652 2110 absoluere
664 2067 705 2121 (4).

118 2260 148 2304 (1)
163 2259 246 2300 Merito,
257 2258 283 2292 ut
293 2266 320 2291 ex
330 2265 395 2302 supra
406 2256 469 2291 dictis
477 2257 547 2301 patet,
558 2256 666 2291 Fannnna
677 2258 745 2292 dicit:
756 2271 763 2290 r
772 2259 811 2293 Die
823 2260 896 2296 Glosse
907 2263 942 2297 des
980 2257 982 2259 ’

90 2316 173 2353 Alanus
182 2329 195 2357 l,
206 2323 338 2359 quamquam
349 2314 378 2349 lo.
398 2313 497 2349 Andreae
506 2321 603 2356 expresse
612 2313 704 2357 glossam
712 2314 821 2350 Vincentii
829 2319 942 2355 memorat.

117 2372 148 2417 (2)
164 2373 244 2407 Textus
258 2371 339 2405 citatur
352 2379 365 2405 a
380 2369 465 2404 Ioanne
478 2370 597 2412 Arouaia,
612 2370 699 2405 novella
711 2374 864 2418 commentaria,
877 2377 906 2410 ad
922 2384 939 2411 c.

91 2429 111 2473 7,
127 2429 157 2473 X,
173 2429 203 2463 De
219 2428 348 2462 conversione
364 2427 527 2469 commotorum,
545 2424 584 2468 Ill,
601 2426 633 2461 32.
971 2428 973 2430 ’

117 2485 147 2529 (3)
163 2485 255 2527 Summa,
265 2484 288 2518 L.
301 2482 341 2519 111.
351 2483 421 2518 adtit.
433 2482 463 2517 De
473 2482 601 2532 conversione
611 2484 699 2525 coniugi,
712 2483 721 2525 ἓ
731 2483 749 2519 7,

116 2541 146 2585 (tl)
161 2541 254 2582 Lectum,
270 2538 297 2583 gl.
314 2539 341 2574 ad
356 2548 373 2574 c.
389 2539 407 2581 7,
422 2539 450 2574 X.
467 2539 498 2573 De
513 2539 641 2573 conversione
656 2539 817 2583 coniunctorum,
841 2540 882 2585 ΙΙΙ,
898 2542 939 2578 32:

89 2598 169 2633 «Dices
181 2605 228 2641 ergo
242 2597 299 2640 quod
311 2595 364 2639 (non
376 2596 421 2630 dico
434 2595 602 2637 matrimonium,
620 2597 657 2630 sed
668 2595 784 2630 ratificatio
796 2598 939 2644 matrimonii)

89 2662 115 2688 ex
128 2653 281 2689 constitutione
295 2652 403 2686 Ecclesiae
415 2650 515 2686 firmatur
528 2651 615 2696 propter
628 2653 733 2687 virtutem
746 2656 874 2697 sacramenti
887 2655 940 2700 bap·

76 2711 154 2745 rtismi.
167 2710 266 2753 Ideoque,
277 2709 336 2752 apud
344 2706 441 2742 infideles
452 2718 494 2742 non
505 2709 538 2741 cst
546 2709 624 2743 ratum.
637 2709 699 2744 Unde
709 2709 812 2743 virtutem
822 2710 878 2746 illius
887 2712 940 2748 rati·

87 2766 196 2802 ficationis
207 2766 271 2810 (quae
282 2765 315 2798 est
325 2764 389 2802 tanta
399 2765 457 2807 quod
468 2764 522 2799 alter
535 2765 625 2799 duorum
635 2764 733 2799 fidelium
745 2766 859 2810 coniugum
869 2767 938 2803 altero

87 2824 183 2865 vivente,
198 2822 325 2867 regulariter
340 2820 466 2855 contrahere
481 2830 525 2855 non
540 2821 629 2865 potest),
645 2830 703 2866 papa
717 2821 791 2865 potest
805 2822 888 2866 tollere,
904 2823 939 2859 vel

86 2879 143 2914 circa
154 2887 201 2914 earn
211 2879 234 2914 in
245 2878 355 2922 aliquibus
366 2877 489 2921 dispensare
497 2889 511 2913 i.
524 2877 567 2912 Hic
576 2877 665 2913 notetur
675 2878 814 2913 Hostiensem
825 2880 866 2915 hac
876 2888 939 2916 occa·
