2139 3277
311 171 345 201 nn
363 170 513 203 cussnrrorvre
529 162 745 201 nisenusnrionun
915 152 959 198 235
994 165 996 169 ·

108 263 157 318 v³3.
174 277 284 318 Ioannes
301 276 425 319 Annianus
442 277 512 319 docet
529 275 711 331 dispensationes
728 274 801 318 etiam
817 273 864 316 iam
881 273 958 317 factas

105 355 194 385 cessare
207 355 283 396 posse.
299 343 350 393 Sed,
365 346 421 398 post
435 342 558 392 Rufinum,
574 343 630 385 dicit
644 343 695 385 illas
710 354 799 384 cessare
813 343 908 384 tantum
923 357 931 379 v
942 341 961 382 si

107 408 201 466 utilitas
214 420 261 451 non
276 410 386 452 succedat
396 409 536 453 >necessitati
546 424 554 446 s
566 408 606 462 (1).
621 409 654 449 Et
666 411 755 456 tamen,
770 403 880 462 quamvis
895 407 960 449 dicta

106 473 188 516 Rufini
201 474 279 524 refert·
294 478 318 517 et
331 474 430 529 proinde
442 474 521 528 quoad
535 486 583 516 rem
597 487 650 527 curn
662 475 702 515 illo
717 474 851 521 concordat,
877 472 961 515 nihilo-

67 569 70 571 *
104 540 183 583 minus
192 541 291 584 ulterius
300 532 453 595 progreditur·
459 541 484 582 in
495 542 634 594 exponenda
645 541 759 583 doctrina.
779 539 880 582 Rufinus
893 539 957 581 enim

92 606 240 664 simpliciter
253 607 395 660 principium
411 605 563 650 affirmabat:
585 619 673 649 cessare
688 607 886 660 dispensationem
902 618 958 647 casu

105 685 151 727 quo
162 685 233 715 causa
241 671 353 715 utilitatis
362 684 409 715 non
419 672 572 714 substituitur
581 685 663 714 causae
673 672 825 720 necessitatis,
844 672 873 713 ob
883 683 956 726 quam

106 738 251 794 dispensatio
265 739 313 784 tuit
328 750 451 786 concessa;
467 739 569 784 loannes
581 738 689 784 Andreae
701 751 765 787 vero,
779 739 892 781 invocans
907 738 957 792 Dy-

63 815 65 817 ’
106 817 162 848 num
178 803 344 859 liugellanum,
354 802 488 858 'distinguit
503 806 581 847 varias
598 818 685 853 causas,
715 805 814 858 quaein
831 805 960 846 cessatione

106 871 286 924 dispensationis
298 871 397 916 influere
410 875 515 925 possunt.
541 872 593 914 Alia
607 871 669 915 enim
683 874 718 913 est
732 883 802 913 causa
814 869 904 923 sinclis,
919 883 960 912 seu

104 938 160 980 talis
176 954 185 976 a
195 951 255 991 quae
271 938 375 981 finaliter
392 938 547 991 compellebat
563 939 704 991 superiorem
722 938 751 980 ad
767 938 792 979 id
808 937 953 985 iaciendum,

107 1005 171 1057 quod
185 1005 252 1046 aliter
265 1004 371 1046 tacturus
385 1017 432 1046 non
446 1007 496 1046 erat
506 1018 530 1052 »3
546 1005 592 1047 alia
606 1007 642 1046 est
657 1003 783 1057 impulsiva
795 1016 875 1056 «quae
889 1015 959 1056 supe-

105 1070 189 1113 riorem
201 1070 357 1123 compellebat
369 1071 398 1112 acl
410 1070 503 1112 facilius
514 1070 655 1119 iaciendum,
669 1071 732 1123 quod
744 1072 824 1112 tamen
837 1069 893 1112 alias
905 1069 953 1111 iac-

47 1169 49 1172 ,
105 1140 174 1178 turus
195 1138 264 1179 erat»
275 1135 316 1190 (2).

108 1225 109 1228 =
135 1203 250 1252 Iamvero,
264 1203 283 1244 si
296 1216 366 1245 causa
377 1202 456 1246 finalis
469 1206 550 1251 cessat,
565 1206 588 1245 et
600 1203 696 1257 quidem
708 1203 820 1251 totaliter,
842 1215 883 1243 seu
903 1218 912 1240 v
922 1203 962 1245 ita'

104 1272 132 1311 ut
142 1269 219 1311 nullae
232 1269 343 1323 reliquiae
355 1270 437 1322 prioris
452 1282 536 1311 causae
546 1271 684 1313 remaneant
693 1284 709 1317 v,
721 1271 779 1311 tunc
790 1281 878 1310 cessare
890 1267 960 1309 debet

108 1338 131 1377 et
140 1335 282 1389 dispensatio
294 1349 299 1384 ;
308 1338 332 1377 et
339 1336 436 1388 proinde
445 1348 458 1377 a
466 1336 590 1384 contrario,
605 1336 624 1376 si
636 1348 706 1377 causa
714 1335 801 1388 partim
808 1337 904 1378 tantum
913 1347 960 1376 ces-

107 1404 151 1449 sat,
166 1414 206 1443 seu
220 1401 239 1442 si
253 1403 369 1454 quaedam
383 1401 494 1454 reliquiae
507 1402 590 1454 prioris
605 1414 687 1443 causae
702 1402 729 1442 de
744 1400 807 1443 iacto
828 1403 958 1449 remanent,

106 1479 154 1512 non
166 1480 254 1510 cessare
268 1466 371 1509 elenensi
384 1480 455 1510 causa
465 1467 592 1521 impulsiva
604 1470 698 1510 tanturn
712 1470 793 1516 cessat,
807 1479 854 1511 non
867 1480 955 1509 cessare

107 1533 178 1576 debet
200 1533 351 1587 dispensatio.
379 1534 402 1575 Si
419 1536 498 1576 autem
514 1533 637 1577 dubitatur
651 1536 732 1576 utrum
748 1546 817 1576 causa
832 1534 865 1575 sit
879 1533 960 1576 finalis

51 1633 54 1635 .
106 1600 145 1642 vel
159 1600 293 1653 impulsiva,
311 1599 439 1643 secundum
455 1599 593 1642 Accurtium
610 1604 634 1641 et
649 1599 800 1654 Dynum(3),
827 1612 885 1653 quos
903 1601 961 1642 alle-

106 1668 155 1719 gat,
171 1666 331 1720 praesumitur
344 1666 481 1719 impulsiva.
506 1666 592 1709 Contra
606 1667 674 1708 iuxta
688 1667 766 1720 ipsum
784 1666 897 1709 Ioannem
911 1665 961 1709 An-

108 1733 177 1774 dreae
188 1747 197 1770 r
205 1733 231 1777 in
243 1732 316 1774 dubio
330 1744 400 1775 causa
413 1736 448 1773 est
459 1732 545 1780 finalis,
559 1746 585 1774 ea
597 1733 688 1775 ratione
699 1732 800 1785 propria,
823 1733 879 1786 quia
891 1732 962 1785 signi-

105 1798 187 1840 ficatio
209 1797 276 1840 verbi
294 1797 389 1841 causam
407 1799 470 1852 sapit
486 1798 589 1847 finalem,
606 1799 733 1853 impulsiva
750 1799 844 1841 videtur
863 1799 962 1842 dicenda

108 1865 199 1908 occasio
209 1880 218 1903 s
230 1864 270 1918 (4),
288 1908 290 1911 Α

106 2083 198 2118 landae:
213 2091 267 2128 quae
280 2091 329 2118 vero
342 2074 473 2127 regulariter,
493 2093 556 2119 non...
571 2085 632 2127 Quod
645 2092 695 2119 sane
707 2084 808 2129 intellige,
822 2085 847 2119 ut
859 2085 962 2121 videlicet

107 2139 203 2174 cessante
213 2140 346 2182 necessitate,
357 2140 421 2174 simul
432 2140 564 2184 dispensatio
575 2151 618 2175 non
628 2140 674 2187 ilat.
686 2141 741 2175 Nam
753 2142 883 2187 dispensatio
896 2142 962 2176 semel

105 2195 165 2233 lacta
174 2205 218 2230 ncn
228 2198 260 2231 est
270 2196 360 2241 amplius
369 2197 514 2233 revocandam
526 2196 570 2239 lino
579 2196 709 2232 beneficium
719 2198 794 2233 decens
804 2200 890 2232 estesse
899 2207 960 2236 man-
986 2191 988 2195 ’

107 2260 180 2286 surum
188 2264 201 2287 v.
328 2285 330 2288 ,
510 2255 511 2258 ’

134 2306 164 2350 (1)
180 2307 210 2342 Io.
218 2308 336 2349 annasse,
343 2307 369 2351 gl.
377 2308 405 2343 ad
411 2316 452 2352 reg.
462 2308 492 2343 78.
500 2308 522 2342 in
528 2308 575 2344 VI⁰.
583 2321 590 2341 r
599 2308 624 2343 In
629 2310 780 2353 argumentum
787 2310 843 2346 trahi
850 2312 962 2355 nequeunt

106 2371 161 2407 quae
179 2364 266 2408 propter
283 2358 431 2399 necessitatem
450 2364 564 2408 aliquando
584 2366 634 2400 sunt
652 2373 756 2402 concessa.
778 2367 877 2402 Cessante
895 2367 961 2410 igitur

106 2419 233 2457 necessitate
246 2418 335 2470 propter
349 2429 414 2465 quam
430 2421 576 2465 dispensatum
591 2422 630 2463 est,
646 2422 715 2459 cessat
729 2423 880 2459 coristituti'o...
898 2424 961 2466 Quod

75 2496 81 2498 <
106 2484 180 2511 verum
191 2477 224 2510 est
234 2477 290 2513 circa
298 2476 404 2517 iacienda,
415 2486 458 2512 non
468 2478 523 2514 cirea
532 2477 612 2514 lacta...
624 2479 645 2511 et
656 2479 721 2512 etiam
731 2478 772 2512 hoe
781 2486 856 2513 verum
867 2479 907 2521 est,
919 2480 963 2515 nisi

106 2531 189 2568 utilitas
201 2533 302 2567 succedat
313 2532 358 2567 loco
371 2533 510 2575 necessitatis
523 2534 577 2568 sicut
588 2534 621 2567 est
633 2535 657 2569 de
669 2535 778 2569 monachis
790 2525 922 2577 ordinandis,
935 2538 961 2570 ut

106 2589 217 2634 probatur,
227 2588 248 2632 C.
257 2587 316 2630 XVI,
326 2598 345 2632 q.
356 2589 373 2624 1.
384 2589 551 2631 Sunlnonnulli,
560 2590 581 2624 in
589 2590 604 2624 ii
615 2602 627 2625 s.

115 2683 118 2687 „
135 2644 166 2688 (2)
181 2654 197 2679 c.
208 2645 227 2686 9,
236 2644 264 2680 X.
275 2644 305 2678 De
313 2645 475 2687 renunciatione,
488 2646 504 2688 I,
514 2646 533 2687 9,
556 2646 592 2680 nbi
609 2646 700 2681 Ioannes
716 2646 809 2680 remittit.
825 2647 853 2684 ad
876 2647 960 2682 Goiirc-

109 2701 168 2742 dum,
183 2700 218 2737 cui
230 2701 332 2737 attribuit
345 2701 383 2738 has
399 2700 540 2737 definitiones,
558 2702 587 2738 Gi.
604 2703 691 2744 Dauos
706 2701 733 2746 gl.
749 2703 777 2738 ad
792 2710 834 2746 reg.
850 2702 910 2746 iuris,
927 2704 959 2739 16,

108 2758 131 2792 in
147 2756 195 2792 VI0.
615 2775 617 2777 >

134 2812 165 2856 (3)
180 2806 219 2848 Cit.
229 2822 242 2849 a
253 2811 282 2849 Io.
294 2812 412 2855 ANDREAE,
423 2813 446 2848 in
454 2814 481 2858 gl.
493 2815 521 2854 ad
531 2824 547 2849 c,
559 2815 578 2856 9,
589 2814 616 2850 X.
628 2814 658 2848 De
667 2814 834 2859 rcnrurcintionc,
847 2814 863 2857 I,
873 2817 894 2852 o,
930 2835 933 2837 -

135 2868 165 2915 (4)
181 2868 211 2905 Io.
227 2869 347 2911 Annnraaa,
366 2870 377 2905 l.
395 2879 410 2909 c.
461 2874 464 2877 ’
