2139 3277
161 196 316 229 conspectus
327 198 464 230 cananaeis
474 193 507 229 na
518 197 627 228 ursanus.
642 196 668 227 tn
680 196 738 227 runa
749 197 866 227 urrunnu
921 188 962 232 199

90 298 92 300 ’
113 307 137 347 et
148 305 297 350 contendunt
308 318 360 350 eam
370 316 418 351 non
429 318 478 348 esse
490 306 598 349 absolute
608 316 697 354 veram,
711 307 735 347 et
746 304 836 348 multas
847 305 898 359 pati
911 305 964 349 dis-

110 370 247 416 tinctiones.
261 372 377 426 Regulam
389 374 521 426 generalem
531 385 581 422 ‚non
593 373 701 422 tradunt,
715 386 745 415 ex
758 385 806 426 qua
819 372 869 414 erui
883 372 965 426 possit

111 450 172 492 quae
184 440 247 492 leges
260 442 353 493 praeter
367 439 507 492 simpliciter
521 439 637 493 positivas
648 438 774 483 habendae
788 438 837 482 sint
852 451 899 494 qua
914 439 962 481 dis-

97 505 251 559 vaensabiles.
271 505 316 548 Sed
332 506 357 548 in
376 500 468 547 duobus
488 505 596 549 doctrina
614 504 713 560 antiqua
730 507 856 548 mutatur:
874 505 960 559 primo,

58 602 60 605 ψ
110 571 232 615 notionem
248 572 307 615 iuris
324 571 440 615 naturalis
457 572 611 625 restringunt,
628 571 664 613 ita
681 574 708 613 ut
725 571 794 625 plura
812 584 872 626 quae
888 572 963 615 iuxta

111 637 256 680 Decretistas
275 640 305 680 ad
326 639 364 680 ius
377 639 484 682 naturale
497 636 656 692 pertinebant,
672 637 795 679 abeodem
821 637 866 691 ipsi
883 639 963 682 exclu-

111 703 185 752 dant;
199 705 309 753 secundo,
324 704 457 748 admittunt
468 705 547 758 ipsum
558 695 598 746 ius
608 704 716 746 naturale
728 715 776 746 non
789 716 839 746 esse
851 704 960 747 absolute

108 770 305 823 indispensabile.'
314 770 392 813 Huius
403 770 545 818 mutationis
558 770 645 823 duplex
656 773 692 811 est
704 782 776 812 causa
787 782 791 810 ι
804 770 884 823 praxis
895 781 960 814 nem·

109 848 138 889 pe
151 836 202 879 ΒΗ.
216 836 364 881 Pontificum
376 840 400 879 et
412 840 503 891 postea,
517 836 656 890 praesertim
670 839 802 889 atempore
816 835 959 886 Hostiensis,

109 902 153 945 sub
168 903 263 947 influxu
278 904 450 957 theologorum,
468 903 601 946 accuratior
617 902 758 946 notio‘iuris
775 902 900 945 naturalis.

141 969 176 1011 De
187 973 289 1024 utroque
300 971 423 1020 elemento,
437 972 464 1012 de
475 970 543 1024 praxi
555 968 608 1010 RR.
624 968 771 1013 Pontificum
783 972 807 1010 et
830 969 858 1010 de
875 969 955 1013 notio-

105 1046 136 1078 ne
147 1036 205 1079 iuris
218 1036 334 1079 naturalis
352 1037 471 1091 quaedam
488 1036 584 1089 praevie
603 1035 702 1078 dicenda
726 1038 790 1083 sunt,
809 1034 896 1090 quibus
920 1049 955 1079 se-

106 1102 205 1155 quentia
221 1102 305 1146 melius
321 1101 493 1156 intelligantur.

126 1168 158 1212 ,2.
177 1169 260 1219 Quoad
282 1168 374 1221 praxim
401 1167 453 1211 ΗΒ,
475 1167 620 1221 Pontificum
643 1167 691 1210 iam
715 1179 789 1221 supra·
810 1168 959 1212 ostendimus

105 1232 169 1286 ipsos
180 1233 232 1276 ΗΒ.
243 1234 373 1278 Pontifices
381 1234 406 1278 in
416 1235 524 1288 Pluribus
532 1233 652 1277 influxum
662 1233 841 1277 canonistarum
851 1233 957 1277 subiisse.

107 1298 175 1344 Nunc
191 1305 272 1343 autem
286 1301 311 1344 in
326 1301 480 1356 sequentibus
496 1301 656 1349 ostendemus,
671 1299 749 1354 ipsam
765 1312 847 1342 eorum
862 1301 956 1353 praxim

104 1379 241 1410 econverso
255 1380 352 1410 oausam
366 1367 487 1411 exstitisse
500 1377 637 1421 progressus
651 1367 780 1409 doctrinae.
794 1366 890 1410 Etenim
902 1368 956 1410 ideo

104 1433 207 1486 praecise
219 1434 317 1476 iuristae
331 1433 438 1487 pluribus
450 1433 474 1477 in
487 1433 601 1482 materiis,
611 1433 636 1475 in
650 1432 736 1486 quibus
750 1432 897 1475 Decretistae
912 1434 959 1476 dis-

104 1500 269 1552 pensationem
292 1503 417 1554 tamquam
441 1500 486 1542 iuri
511 1499 615 1543 naturali
640 1498 784 1544 contrariam
817 1499 955 1550 reiecerant‚

51 1579 55 1587 r
102 1565 149 1619 ipsi
161 1558 269 1610 eamdem
276 1567 414 1610 ‚admittunt
426 1566 483 1621 quia
494 1566 546 1608 RR.
559 1564 690 1609 Pontifices
703 1567 731 1607 de
743 1564 809 1607 iacto
821 1564 846 1609 in
856 1565 893 1608 his
906 1579 957 1610 ma-

77 1640 79 1642 ·
102 1632 168 1674 teriis
181 1633 385 1686 dispensaverantv
400 1632 465 1675 Haec
477 1632 539 1689 ratio
551 1632 600 1675 iam
613 1630 701 1685 priores
715 1631 884 1675 Decretalistas
904 1645 956 1676 mo-

102 1701 150 1748 vet,
161 1699 271 1753 quamvis
277 1701 358 1742 tamen
379 1698 402 1740 hi
413 1700 471 1742 satis
480 1699 596 1753 ancipites
605 1698 725 1741 haereant.
738 1697 777 1739 Ita
786 1696 954 1749 Lnunnnrrus,

103 1764 224 1809 doctrinae
240 1765 401 1818 Huguccionis
415 1765 547 1816 inhaerens,
558 1776 641 1808 ansam
656 1777 751 1808 sumens
767 1777 796 1806 ex
812 1764 892 1819 aliqua
908 1766 955 1809 dis-

101 1832 241 1884 pensatione
259 1829 338 1885 Papae
359 1845 406 1886 qua
425 1831 533 1885 bigamus
553 1832 583 1875 ad
603 1831 795 1885 presbyteratum
815 1835 952 1883 promoueri

100 1901 202 1950 poterat,
216 1920 247 1928 ν-
258 1898 315 1941 dum
327 1899 449 1952 hucusque
462 1898 610 1941 communius
624 1899 753 1943 admissum
767 1899 847 1949 iuerat
858 1897 952 1951 Papam

52 1956 54 1959 ’
100 1976 148 2008 non
165 1976 233 2017 posse
252 1965 386 2018 dispensare
404 1977 458 2008 cum
475 1965 578 2018 bigamo,
598 1969 625 2006 ut
642 1965 680 2006 vel
698 1967 727 2008 ad
746 1966 952 2008 subdiaconatum

63 2055 65 2057 >
100 2022 224 2074 ascendere
236 2034 322 2083 posset,
334 2030 408 2072 —sic
420 2031 478 2072 dicit
489 2045 494 2072 z
505 2047 514 2069 n
523 2030 590 2074 iacta
600 2030 647 2072 init
657 2031 715 2074 haec
727 2031 873 2086 dispensatio
898 2045 951 2074 nos-

98 2098 142 2139 tris
156 2096 311 2149 temporibus,
327 2098 367 2139 sed
381 2095 414 2137 ibi
429 2096 476 2138 tuit
489 2096 552 2142 forte
566 2097 619 2149 plus
632 2095 691 2139 iacti
706 2088 779 2152 quarn
793 2098 858 2141 iuris.
875 2098 906 2139 Et
918 2110 950 2146 ne

98 2163 223 2206 videamur
240 2156 530 2215 diminuerepotestatenr
546 2163 632 2216 Papae,
650 2164 756 2208 dicamus
773 2166 837 2219 quod
853 2166 881 2206 de
895 2164 946 2206 iure

98 2232 178 2282 potest
199 2231 264 2272 ultra
286 2229 421 2283 dispensare
431 2245 439 2267 n
451 2228 492 2282 (1).
516 2230 598 2272 Etiam
617 2229 643 2271 in
665 2231 716 2273 aliis
738 2231 844 2274 materiis
866 2230 947 2284 praxis

99 2295 199 2339 Sanctae
212 2296 279 2337 Sedis
292 2309 305 2338 a
317 2295 454 2338 doctoribus
464 2295 653 2341 Bononiensibus
665 2309 712 2341 non
725 2297 775 2341 sine
788 2297 891 2351 quadarn
905 2297 948 2338 du-

97 2361 215 2405 bitatione
230 2361 278 2403 iuit
295 2362 402 2415 probata.
419 2361 473 2406 Alia
488 2376 517 2405 ex
532 2366 600 2416 parte
617 2363 646 2404 ad
662 2364 832 2417 explicandum
847 2362 946 2404 modum

90 2554 188 2590 tontibus
200 2555 223 2590 in
237 2554 365 2590 stabiliendo
378 2562 491 2598 progressu
505 2555 622 2591 doctrinae.
638 2553 672 2593 Ita
685 2555 788 2591 Durantis
801 2556 948 2594 transcribens

90 2612 162 2648 varias
171 2610 318 2656 paragraphos
328 2620 355 2645 ex
363 2612 461 2647 tractatu
472 2611 501 2647 lo.
514 2612 539 2646 de
549 2613 602 2652 Deo,
612 2611 669 2646 nullo
680 2613 743 2647 modo
754 2612 876 2651 doctrinam
886 2615 947 2659 apud

91 2667 214 2703 canonistas
229 2665 421 2711 vigentem'tradit
436 2676 483 2702 cum
498 2678 541 2704 non
556 2667 689 2703 sufficienter
711 2668 793 2703 indicet
807 2678 945 2713 progressum

90 2733 103 2758 a
119 2725 216 2767 ternpore
235 2723 264 2758 lo.
281 2724 307 2757 de
324 2723 368 2757 Deo
385 2731 423 2767 per
440 2723 598 2765 Innocentium,
613 2725 747 2759 Bernardum
764 2718 904 2761 Parmensem
917 2728 945 2765 et

92 2779 296 2823 Compostellanum,
309 2779 454 2822 Hosnensem,
467 2781 507 2817 etc,
520 2781 652 2816 realisaturn.
667 2780 718 2815 Inde
731 2780 797 2815 etiarn
810 2781 946 2827 explicantur

92 2835 274 2873 contradictiones
285 2845 338 2880 quas
348 2836 406 2881 apud
417 2836 521 2872 Durantis
531 2837 628 2873 invenire
638 2837 676 2872 est.
752 2870 753 2873 ,

96 2889 126 2935 (t)
143 2892 226 2930 (litatus
236 2892 295 2939 apud
304 2892 494 2933 Aacnrnracouun
504 2894 526 2930 in
537 2902 575 2931 suo
589 2893 683 2935 Reontio,
693 2892 722 2930 ad
732 2893 786 2936 cli,
797 2893 824 2932 D.
836 2894 942 2940 XXXIV,
