2182 3277
63 209 65 213 r
120 180 162 224 198
267 190 542 221 nanrsrausarrourssus
551 190 617 220 aaut)
625 189 823 221 Dacnurmrsras

122 300 247 344 Assertum
262 298 349 353 prohat
363 311 405 353 per
420 300 562 344 decretalem
579 299 711 345 Innocentii
728 300 782 341 III:
797 316 805 338 c
817 298 902 352 Omnia
918 311 973 342 con-

61 360 66 365 ‘
122 366 177 409 cilia
187 378 229 421 per
239 359 363 408 Romanae
375 366 493 408 Ecclesiae
505 367 675 410 auctoritatem
683 362 853 415 ettacta‘sunt,
866 369 891 409 et
901 365 974 408 robur
990 402 992 404 .

122 435 272 488 acceperunt,
288 432 351 475 etin
365 444 446 475 eorum
461 433 560 475 statutis
575 432 604 474 R.
620 432 745 477 Pontificis
761 435 870 486 patenter
881 432 974 486 excipi-

120 501 161 541 tur
173 498 304 542 auctoritas
314 513 322 535 n
334 497 376 552 (l).
392 497 555 542 Obiectionem
567 512 596 541 cx
607 499 751 557 auctoritate
766 498 870 552 Gregorii
882 499 973 548 factam

121 564 193 607 solvit
208 564 307 609 dicendo
322 577 364 619 per
377 565 552 623 restrictionem
565 565 613 622 lam
627 565 684 609 olim
699 564 728 608 ab
743 564 897 618 Huguecione
924 564 987 608 lac„

120 634 188 675 tam:
201 638 212 670 (ι’
220 629 315 675 tentum
328 644 377 673 esse
389 631 571 684 Intelligendum
585 632 664 686 quoad
676 631 886 685 transgressionem
894 634 924 674 'et
938 644 974 674 ar-

120 697 208 741 tIculos
224 696 282 741 iidei
300 709 360 752 quae
375 697 410 741 ihi
427 698 581 743 continentur
591 714 600 737 »
612 697 654 752 (2).
940 711 942 713 ’
1031 692 1037 696 ”

226 880 236 932 §
250 881 270 922 2.
288 854 428 932 Conspectus
440 877 554 932 penerulis
568 877 594 919 de
608 877 780 932 dispensatione
830 906 831 909 η

155 943 158 951 “
390 966 394 971 -
429 944 453 986 in
478 945 527 1009 iure
550 942 656 986 nuturuli

146 1063 230 1107 Altera
243 1063 324 1118 regula
337 1062 400 1107 citca
414 1062 617 1117 dispensationem
631 1062 728 1117 eiusque
743 1061 863 1106 obiectum
876 1063 975 1109 inveni-

59 1129 61 1133 ’
122 1131 199 1174 turin
213 1130 276 1173 dicto
291 1129 408 1179 Gratiani,
422 1131 485 1184 quod
499 1144 512 1172 a
525 1129 666 1172 Decretistis
679 1133 703 1171 et
716 1129 881 1172 Decretalistis
894 1143 975 1184 saepe·
1021 1128 1023 1133 ’

122 1199 216 1251 saepIus
232 1197 366 1251 repetitur:
382 1198 514 1239 «adversus
530 1196 567 1238 ius
584 1197 692 1239 naturale
709 1208 756 1238 non
773 1196 912 1239 admittitur
929 1198 975 1239 dis-

123 1263 250 1318 pensatio»
262 1262 303 1317 (3).
324 1262 351 1305 In
368 1262 413 1306 hac
430 1265 511 1305 tamen
529 1263 611 1316 regula
629 1262 769 1316 explicanda
788 1264 811 1303 et
829 1263 973 1315 applicanda

123 1332 226 1375 multum
246 1328 377 1383 proliciunt
396 1329 576 1372 Decretalistae.
598 1332 601 1335 ’

154 1396 175 1439 1.
192 1395 378 1440 Distinctionem
392 1394 474 1438 Rufini
490 1396 553 1439 inter
567 1395 745 1449 praeceptiones
761 1401 785 1440 et
804 1395 980 1451 prohibitiones

121 1464 180 1507 iuris
196 1462 313 1507 naturalis
327 1461 525 1515 indispensabiles
542 1464 566 1504 et
581 1461 632 1503 eius
648 1463 864 1508 demonstrationes
881 1465 976 1518 dispen-

124 1530 216 1578 sabiles‚
234 1527 380 1572 admiserant
396 1528 560 1576 Decretistae:
577 1527 721 1582 ubicumque
737 1531 765 1572 de
780 1531 827 1573 illis
842 1532 976 1584 praeceptis

123 1598 148 1641 in
164 1597 241 1651 specte
257 1595 367 1649 agebant,
383 1597 442 1638 tunc
457 1594 589 1648 generatim
605 1594 679 1647 rigide
695 1594 753 1638 haec
768 1597 886 1651 principia
902 1598 978 1651 appli-

112 1666 231 1712 cuerant,
248 1661 330 1716 paucis
346 1661 435 1704 additis
451 1661 519 1703 novis
531 1660 572 1715 (4).
590 1661 637 1703 Eos
653 1661 760 1714 proxime
776 1667 908 1717 sequuntur
924 1665 977 1718 qui-

125 1733 181 1773 dam
200 1743 229 1772 ex
249 1727 367 1783 prioribus
387 1727 559 1776 Decretalistis,
580 1727 621 1785 qui
641 1727 721 1777 etiam,
743 1730 887 1773 auctoritate
907 1731 978 1773 huius

125 1796 243 1851 principii,
268 1792 449 1847 indr'spensubiie
471 1793 594 1847 cjfirmenr
615 1805 679 1834 omne
700 1797 847 1849 praeceptum
868 1797 927 1849 quod
950 1798 974 1838 in

63 1868 65 1874 “
83 1912 85 1915 v
124 1863 182 1916 Lupe
194 1860 229 1903 uel
241 1859 368 1913 Euunpelio
381 1858 516 1901 continetur.
530 1859 568 1901 Ad
580 1859 721 1904 sevenorem
733 1864 757 1902 et
769 1861 870 1914 rigidam
880 1863 978 1907 illorum

126 1929 260 1972 doctrinam
269 1938 338 1980 saepe
349 1926 459 1969 alludunt
470 1925 642 1968 Decretalistae
651 1926 800 1979 posteriores,
813 1928 912 1971 dicendo
923 1932 978 1983 post

127 1997 241 2039 Ioannem
252 1995 280 2037 de
290 1993 340 2035 Deo
352 2005 357 2033 :
367 2008 376 2031 c
387 1991 485 2047 quidam
494 1995 579 2036 tenent
588 2004 636 2035 non
646 2004 713 2046 posse
725 1994 856 2047 dispensari
866 1992 909 2038 nec
920 2008 975 2039 con-

125 2066 164 2105 tra
175 2061 324 2114 Apostolum,
337 2070 380 2102 nec
392 2061 474 2102 contra
486 2058 651 2111 Evangelium,
663 2071 706 2101 nec
718 2060 848 2102 contraius
860 2062 981 2113 divinum,

88 2166 89 2169 ,
126 2141 169 2173 nec
183 2130 267 2172 contra
281 2127 385 2180 quatuor
399 2125 498 2170 concilia
507 2139 516 2163 a
528 2123 569 2178 (5).
586 2124 631 2167 Sed
646 2124 673 2166 ub
686 2125 728 2166 lice
741 2126 846 2167 doctrino
859 2128 975 2178 recedunt,

150 2323 181 2370 (1)
197 2323 218 2360 o.
229 2312 302 2366 anx,
313 2321 344 2356 oe
353 2320 460 2362 erectione,
471 2319 488 2363 1,
498 2320 517 2357 o.
745 2344 752 2366 „
816 2339 817 2342 ,

150 2380 181 2425 (2)
197 2380 291 2421 Summo,
306 2378 330 2414 L.
345 2377 371 2419 V,
386 2378 421 2413 tit.
439 2377 469 2411 De
483 2375 628 2422 poenitentiis,
644 2375 711 2413 Rubr'.
728 2377 759 2412 De
774 2378 978 2422 dispensationibus.

122 2437 213 2482 «Adqui
230 2437 296 2482 ettam
314 2434 390 2469 dicunt
407 2434 465 2479 quod
483 2433 559 2470 contra
576 2432 670 2477 quatuor
687 2434 777 2471 concilia
796 2435 918 2480 dispensare
935 2447 979 2473 non

122 2487 218 2541 potest...
235 2493 297 2536 Quod
311 2491 390 2527 falsum
405 2491 444 2532 cst,
459 2491 484 2525 ut
498 2491 561 2534 patet
576 2497 602 2524 ex
616 2491 768 2534 praemissis...
784 2499 823 2526 nec
837 2492 911 2528 obstat
924 2493 979 2529 illud

56 2550 60 2553 ⁴
124 2550 233 2596 Gregorii:
247 2549 303 2584 sicut
315 2548 392 2589 sancti,
405 2548 461 2582 etc...
474 2547 525 2591 quia
537 2546 591 2582 illud
603 2546 768 2591 intelligendum
780 2549 813 2582 est
825 2551 896 2593 quoad
908 2550 979 2585 trans-

122 2608 252 2652 gressIoncm
263 2606 285 2639 et
293 2604 397 2640 articulos
406 2603 465 2645 fidei,
475 2604 513 2648 qui
522 2603 553 2637 ibi
564 2603 709 2647 continentur,
721 2606 796 2640 contra
806 2615 859 2649 quos
869 2615 926 2651 papa
937 2607 979 2641 dis-

123 2671 213 2710 pensare
225 2673 269 2699 non
281 2662 354 2706 potest
363 2673 377 2697 s,
391 2679 418 2685 -
431 2660 505 2703 Quoad
518 2659 560 2696 alia
572 2661 688 2704 praecepta
709 2663 783 2697 tamen
796 2662 857 2709 addit
880 2672 978 2708 «papam
1025 2664 1026 2667 ’

124 2731 167 2756 nou
177 2720 271 2765 possein
281 2719 314 2753 his
323 2718 447 2761 repuleriter
458 2717 604 2760 dispensare».

152 2776 183 2820 (3)
199 2776 229 2812 Gt.
239 2775 288 2811 utet.
299 2774 355 2810 Grut.
365 2783 384 2810 α.
395 2782 419 2816 c.,
430 2773 448 2815 1,
458 2773 484 2809 D.
494 2772 559 2809 XIII.
570 2773 600 2808 Cf.
611 2781 682 2817 supra,
691 2781 712 2817 p.
723 2773 755 2809 80.

151 2831 183 2876 (4)
198 2832 229 2868 ct.
240 2839 311 2877 supra,
322 2838 343 2875 Ρ.
354 2829 394 2866 130
405 2830 426 2864 et
435 2838 456 2874 p.
473 2828 519 2866 133.
620 2854 623 2859 .

151 2887 183 2933 (5)
199 2887 229 2924 ct
242 2887 265 2923 Io
274 2897 305 2922 ou
315 2887 373 2929 Duo,
382 2896 401 2924 o.
411 2896 437 2930 c.,
446 2886 474 2921 ad
484 2894 501 2922 c.
512 2886 531 2921 2.
543 2885 566 2919 de
576 2884 631 2929 disp.
650 2885 729 2929 Papae,
759 2884 810 2921 Cod.
821 2892 859 2921 ms,
870 2885 907 2923 cit.
916 2886 977 2923 Bihl.

122 2945 192 2995 Bona,
204 2954 225 2994 n.
238 2943 285 2997 742ξ
296 2943 332 2988 fol,
345 2940 388 2990 aar.
401 2942 440 2990 cel,
452 2943 471 2984 2,
483 2961 510 2967 -—
520 2940 567 2991 Hic
573 2942 665 2994 apparet
675 2950 742 2991 quam
754 2942 818 2988 caute
828 2940 857 2988 sit
867 2942 974 2988 utendum
