2139 3277
302 184 334 230 bn
344 184 448 232 orrncro
456 175 672 232 ursanusArroNuu
683 216 685 220 ,
907 175 949 227 145

124 309 152 350 5..
161 308 308 362 Decretistae
323 310 402 353 etiam>
410 310 540 362 generatim
556 312 688 363 agnoscunt
702 307 827 370 episcopis
843 308 949 361 potesta-

35 375 37 379 ’
92 380 142 419 tem
154 375 307 428 dispensandi
319 375 343 416 in
356 374 481 417 'canonibus
491 375 628 429 poenalibus
640 377 728 426 ,inillis
740 376 831 418 scilicet
841 372 883 428 qui
894 385 949 426 poe·

24 484 26 486 .
87 454 150 485 nam
162 442 315 495 depositionis
325 443 365 485 vel
376 441 534 495 suspensionis
544 443 584 484 vel
595 443 665 487 aliam
676 443 823 488 consimilem
833 441 948 493 irrogant,

94 509 175 564 seuvin
192 509 273 561 poenis
289 503 444 551 vindicativis
460 508 523 551 latae
540 510 680 559 sententiae.
699 510 850 564 Quamquam
867 510 891 549 et
907 505 946 548 liic
1015 563 1018 565 ι

96 577 163 617 actus
174 575 296 617 relaxandi
307 581 410 629 poenam
420 577 521 617 vocatur
533 575 686 628 dispensatio,
698 587 781 618 revera
792 588 840 620 non
852 576 888 617 est
898 572 947 617 nisi

67 635 70 638 ”
94 641 200 684 remissio
214 631 413 684 comentariorum
425 654 485 696 quae
498 653 527 683 ex
539 644 595 683 actu
607 639 708 685 hominis
721 644 805 686 contra
816 642 890 693 legem
905 652 947 693 po·
1005 687 1007 689 ,

95 708 141 751 sito
165 711 327 764 promanant
341 708 596 762 OmnesyDecretistae
617 711 671 753 ante
691 707 877 760 Huguceionem,
900 706 948 749 imo

95 774 183 827 etipse
199 773 320 827 Huguccio
335 774 360 816 in
375 773 534 827 principaliori
547 773 582 828 (1)
595 776 665 816 textu
679 786 735 816 suae
750 773 868 821 Summae,
884 769 947 815 hanc
974 817 979 828 „
1015 772 1019 774 ’

96 840 237 884 facultatem
249 841 370 884 deducunt
381 853 410 882 ex
422 840 568 893 delegatione
581 840 654 883 aiure
664 840 781 893 episcopis
799 839 872 881 lacta.
885 837 947 880 Nam

96 920 177 951 omnes
192 906 301 960 explicite
316 908 403 949 docent
417 898 538 960 episcopos
552 907 578 949 in
592 905 628 948 his
642 907 696 948 solis
712 905 806 948 casibus
820 917 888 959 posse
903 905 949 946 dis-

69 967 200 1028 spensare,
217 974 241 1016 in
257 973 342 1027 quibus
358 985 477 1023 «canones
490 972 537 1014 hoc
552 973 585 1015 eis
602 972 734 1026 specialiter
749 972 876 1025 indulgent
885 986 894 1008 i>
906 969 948 1024 (2),

94 1042 133 1082 vel
144 1043 216 1094 prout
228 1039 349 1091 Huguccio
362 1039 459 1081 scribit:
471 1055 480 1076 ll
490 1038 613 1082 inferiores
625 1037 747 1084 antistites
759 1042 783 1081 et
795 1037 899 1092 episcopi
911 1050 950 1080 ea·

94 1110 164 1150 tenus
179 1106 313 1159 dispensare
327 1109 428 1158 possunt
442 1108 560 1158 quatenus
575 1105 634 1147 elsa
662 1105 711 1147 iure
726 1105 893 1159 permittitur»
905 1102 946 1157 (3).
987 1104 989 1107 ’

125 1173 146 1213 d.
156 1171 278 1225 Huguccio
291 1174 373 1214 tamen
384 1171 409 1213 in
423 1171 467 1214 alio
477 1171 583 1213 eiusdem
591 1170 700 1214 Summae
710 1174 788 1220 textu,
800 1169 875 1212 fretus
884 1181 950 1222 prae-

95 1240 177 1283 sertim
192 1249 255 1282 nova
270 1238 381 1280 decretali
396 1237 525 1280 Alexandri
542 1237 580 1278 ΙΙΙ
593 1235 626 1291 (4)
642 1237 703 1280 circa
718 1238 826 1292 eamdem
841 1238 947 1290 potesta-

94 1309 144 1359 tem
154 1304 257 1359 episcopi
268 1303 419 1357 dispensandi
429 1304 453 1345 in
463 1301 594 1346 canonibus
605 1300 743 1356 poenalibus
754 1303 840 1345 alludit
849 1302 879 1345 ad
889 1313 948 1346 con-

95 1371 243 1419 troversiam,
264 1383 324 1424 quae
342 1373 402 1411 tunc
420 1368 535 1422 temporis
554 1370 652 1411 videtur
670 1373 739 1412 orta:
759 1373 840 1412 utrum
860 1380 944 1421 nempe

95 1437 211 1492 episcopis
225 1435 282 1479 haec
296 1439 403 1489 potestas
418 1438 540 1488 competat
553 1436 578 1478 in
592 1435 701 1482 omnibus
726 1435 816 1477 casibus
839 1446 884 1476 non
898 1446 950 1488 pro-

94 1503 184 1552 hibitis,
197 1505 235 1545 vel
247 1505 342 1546 tantum
354 1502 379 1544 in
392 1501 481 1543 casibus
494 1501 612 1544 concessis.
737 1553 739 1555 ι

127 1570 242 1614 Omnibus
254 1569 420 1612 inconcussum
433 1568 528 1610 videtur
541 1569 657 1622 episcopis
671 1569 835 1622 denegandam
848 1581 897 1611 esse
909 1564 946 1611 fa*

95 1638 210 1680 cultatem
227 1636 379 1689 dispensandi
393 1635 418 1678 in
433 1647 510 1688 poena
525 1647 566 1688 pro
584 1633 718 1677 crimini-bus
730 1631 870 1684 enormibus,
889 1634 946 1688 quia

94 1703 152 1747 baec
162 1706 270 1757 potestas
281 1702 312 1744 eis
324 1715 338 1744 a
347 1702 398 1744 iure
410 1701 529 1745 communi
541 1705 623 1756 aperte
634 1703 771 1755 denegatur.
785 1703 813 1746 In
825 1702 944 1744 diuersum

95 1782 190 1814 sensum
205 1770 293 1812 abeunt
307 1781 348 1822 pro
365 1768 545 1812 determinanda
559 1768 839 1822 extensionepotestatis
855 1767 950 1820 dispen-v

92 1961 162 1999 tatem
175 1959 243 2001 habet
256 1958 387 2008 apostolicus
401 1958 676 2009 romanusinterpretandi
689 1959 711 1998 et
725 1960 865 2010 dispensandi
886 1962 952 2011 prout

93 2021 252 2064 sapientissimo
265 2020 351 2055 consilio
365 2030 402 2055 suo
416 2021 541 2063 decreverit,
554 2022 580 2055 ut
591 2021 661 2064 XXV,
674 2031 693 2064 q.
708 2021 726 2064 1,
738 2022 795 2057 Sunt
807 2024 902 2066 quidam.
917 2023 951 2058 Iu*

90 2077 178 2111 terrores
192 2078 266 2111 autem
278 2076 389 2112 antistites
403 2078 425 2110 et
438 2077 531 2121 episcopi
545 2079 635 2113 eatenus
650 2077 772 2121 dispensare
785 2080 878 2122 possunt
899 2089 951 2123 qua-

91 2135 155 2168 tenus
164 2133 193 2167 eis
202 2142 215 2168 a
223 2133 268 2167 iure
276 2133 418 2176 permittitur.
428 2128 490 2168 Unde
500 2134 555 2171 circa
564 2134 651 2168 clericos
660 2142 709 2168 suos
719 2135 744 2168 de
754 2131 842 2171 crimine
851 2135 952 2174 adulterii

92 2189 126 2224 vel
137 2189 285 2224 fornicationis
297 2188 330 2236 uel
341 2189 395 2223 iurti
406 2190 440 2225 vel
451 2189 538 2233 periurii
549 2190 572 2223 et
582 2189 713 2234 reliquorum
725 2191 859 2226 mediocrum
870 2192 951 2226 confes-

47 2252 48 2255 ’
92 2254 126 2280 sos
144 2245 178 2281 vel
196 2245 305 2280 convictos
323 2246 374 2289 post
391 2246 535 2289 penitentiam
552 2246 721 2284 misericordiam
738 2255 837 2282 exercere
854 2248 951 2285 valent...

92 2302 203 2345 Simplices
215 2309 265 2337 vero
276 2302 398 2338 sacerdotes
409 2302 465 2336 sicut
475 2302 572 2346 episcopi
582 2303 674 2346 possunt
685 2303 809 2346 dispensare
821 2305 842 2338 et
852 2304 951 2348 mitigare

92 2366 166 2392 omnes
179 2365 271 2404 canones
283 2357 435 2401 penitentiales
448 2358 485 2401 qui
497 2358 670 2393 satisfactionem
681 2359 800 2402 iniungunt
811 2369 849 2404 pro
862 2361 951 2404 peccato

94 2407 190 2448 cuniesso
200 2414 222 2448 in
231 2413 375 2458 penitentia...
397 2413 508 2458 Simplices
518 2415 641 2448 sacerdotes
651 2415 708 2451 ultra
717 2415 759 2449 lioc
767 2416 900 2459 potestatem
911 2417 952 2450 dis-

50 2502 52 2507 .
92 2470 198 2514 pensandi
211 2463 372 2505 nonhabent».
866 2487 868 2490 -

119 2526 150 2570 (1)
165 2526 218 2560 Dico
228 2526 251 2560 in
259 2526 323 2559 textu
332 2525 493 2570 «principaliori
502 2538 508 2557 i
518 2525 587 2561 relate
595 2527 624 2564 ad
633 2527 730 2564 nostram
739 2528 861 2570 materiam,
871 2528 952 2572 quiain

91 2581 127 2617 illo
139 2582 185 2625 agit
196 2582 307 2625 Huguccio
318 2582 343 2615 de
356 2581 516 2625 dispensatione
528 2582 604 2616 stricte
616 2581 681 2624 dicta,
693 2584 715 2617 et
727 2583 874 2628 dependenter
885 2593 898 2620 a
907 2585 952 2620 Ru·

92 2638 138 2673 iino
147 2638 268 2673 tractatum
279 2636 395 2681 parvulum
408 2638 434 2672 de
445 2637 481 2672 illa
493 2638 575 2674 scribit.

114 2694 154 2739 (2)
170 2693 200 2730 ci,
213 2702 285 2737 supra,
297 2703 318 2737 p.
332 2693 379 2730 144.

122 2750 153 2795 (8)
169 2750 219 2786 Cod
230 2759 269 2785 ms.
279 2750 314 2784 cit.
324 2742 375 2785 Vat.
385 2759 405 2785 n.
404 2742 477 2792 2288,
486 2749 523 2785 iol.
533 2750 592 2792 rom,
602 2750 641 2786 col.
651 2750 669 2786 2.

122 2806 152 2850 (4)
169 2806 200 2842 Cf.
216 2806 342 2848 Grnnnnun,
360 2805 399 2840 Die
416 2805 559 2849 Absussunpsz
561 2807 591 2841 eit
604 2806 639 2840 der
655 2805 811 2843 Delrreisumme
823 2807 951 2852 nuperius,

96 2861 183 2898 A.K..K
187 2861 345 2906 „t94(i9i4),
356 2872 378 2906 p
389 2861 436 2904 249,
455 2863 537 2906 optime
548 2863 629 2907 probat
638 2863 694 2898 hanc
705 2864 836 2900 decretalem
848 2865 874 2910 (c
879 2865 911 2909 22
922 2865 950 2902 X

95 2917 124 2962 V,
139 2919 173 2963 29)
186 2926 232 2953 esse
243 2918 364 2953 Alexandri
377 2916 418 2953 ΙΙΙ
