2182 3277
387 295 388 298 ,
406 246 409 249 ’
468 244 664 295 talamaniam

213 407 257 455 II.¹¹
269 437 299 443 —
310 412 344 454 De
361 413 513 467 Scriptoribns
530 397 573 468 qni(
587 414 612 456 de
629 413 796 468 dispensatione
813 411 908 466 eperunt.

176 530 284 573 Subsidia
297 531 382 585 quibus
395 531 489 586 theoria
501 536 525 574 et
538 527 618 586 praxis
632 532 833 586 dispensationum
846 531 913 574 nobis
924 531 994 586 inno·
1057 571 1059 577 ,,

144 601 231 640 tescere
248 601 354 651 possunt,
371 596 434 648 sunt,
451 602 543 652 praeter
560 600 701 649 documenta
719 599 847 652 pontificia
864 602 888 640 et
903 599 998 639 decreta

146 664 304 714 conciliorum,
327 665 390 707 dicta
413 664 451 706 SS.
475 664 573 708 Patrum
595 666 738 719 aliorumque
761 666 903 718 scriptorum
926 663 997 705 eccle·
1075 708 1077 710 .

144 730 300 780 siasticorum,
312 732 352 784 qui
362 731 477 785 prioribus
488 732 583 774 saeculis
592 731 722 773 floruerunt
729 736 737 780 ‘3
748 735 867 784 praeterea
877 729 996 773 elucubra-
1021 725 1022 729 ’

144 797 220 839 tiones
233 798 356 839 doctorum
367 797 525 852 antiquorum,
538 796 624 851 quibus
643 797 682 838 vel
703 798 850 840 collectiones
860 798 916 839 iuris
928 809 996 852 cano-
1067 847 1070 850 .
1087 850 1089 852 Ι

134 864 191 923 ¹nici
203 865 320 908 adornant
328 867 369 906 aut
380 868 575 913 commentantur,
587 865 625 906 vel
635 864 681 906 lmo
691 876 721 905 ex
729 864 830 916 professo
841 865 868 905 de
878 864 997 916 dispensa·
1080 915 1085 918 ᾖ

85 940 86 944 ’
144 930 250 973 tionibus
266 933 378 974 tractant.
396 929 459 981 Quae
477 931 555 973 omnia
571 920 638 973 nobis
653 931 731 973 media
747 933 815 973 crunt
840 930 995 984 cognoscendi

145 997 293 1049 disciplinam
304 996 499 1039 ecclesiasticam:
513 998 622 1051 quamvis
634 997 695 1040 enim
707 1008 791 1050 parum
803 994 895 1038 solliciti
907 996 996 1037 iuerInt
1060 997 1062 999 ’

144 1063 267 1115 scriptores
293 1063 435 1116 antiquiores
461 1064 488 1104 de
514 1064 653 1116 exponenda
678 1062 776 1105 historia
801 1062 1009 1115 dispensationis.

144 1128 247 1170 multum
258 1128 346 1170 versati
357 1132 412 1170 sunt
423 1128 447 1171 in
459 1130 599 1182 exponenda
610 1129 704 1183 propria
717 1129 823 1171 doctrina
835 1130 862 1170 de
875 1118 995 1181 dispensa-

145 1194 260 1244 tionibus,
273 1195 298 1237 in
311 1207 383 1248 eaque
397 1194 425 1237 ab
439 1194 611 1238 obiectionibus
635 1195 784 1237 vindicanda.
799 1195 872 1237 Simul
885 1199 908 1237 et
921 1198 993 1237 testes
1065 1201 1069 1204 ’

144 1264 168 1301 ct
182 1264 288 1303 auctores
301 1265 356 1304 sunt
368 1261 430 1303 iuris.
445 1261 574 1303 Posteriori
584 1264 694 1314 tempore,
708 1262 762 1303 inde
776 1273 859 1314 nempe
873 1275 886 1304 a
899 1261 991 1303 saeculo

144 1325 223 1375 XVII,
238 1327 284 1368 viri
298 1328 363 1368 docti
377 1339 406 1368 ex
419 1327 523 1381 professo
538 1327 661 1370 historiam
676 1327 877 1380 dispensationum
891 1328 994 1369 excolere

144 1397 277 1447 coeperunt,
288 1393 325 1434 vel
335 1397 362 1434 ut
371 1406 432 1436 mere
443 1387 559 1436 obiective
567 1397 589 1436 et
597 1395 645 1436 sine
654 1394 702 1436 ulla
711 1397 878 1447 praeconcepta
889 1395 994 1438 doctrma

129 1452 131 1454 ’
144 1460 335 1508 demonstranda,
350 1460 426 1502 minus
439 1464 521 1503 tamen
534 1460 627 1502 exculta
639 1460 906 1512 method0,dIsciplinam
919 1460 994 1503 histo-

89 1548 91 1555 ·
143 1526 215 1569 sicam
229 1527 349 1575 evolvant,
362 1526 400 1568 vel
412 1527 487 1569 etiam
500 1530 528 1568 nt
540 1526 670 1570 rationibus
683 1526 800 1568 historicis
813 1539 866 1568 suas
878 1525 994 1583 subversi-

84 1602 86 1605 ’
143 1589 187 1635 vas
196 1593 318 1634 doctrinas
328 1593 387 1635 circa
396 1593 562 1640 auctoritatem
571 1593 600 1635 R,
610 1592 741 1642 Porrtiiicis‚
751 1595 775 1634 et
783 1596 925 1646 potestatem
934 1594 995 1647 episf

143 1651 258 1713 coporum
268 1659 397 1702 vindicent.
409 1659 498 1710 Quibus
508 1660 591 1707 ultimo
602 1662 761 1701 successerunt
770 1660 893 1712 scriptores
903 1659 995 1702 hodier-

144 1725 174 1775 ni,
186 1726 227 1779 qui
237 1725 349 1767 methodo
360 1725 490 1768 scientifica
500 1725 613 1775 adhibita,
625 1735 672 1768 rem
682 1726 786 1779 penitius
797 1726 975 1779 investigarunt.

173 1802 223 1844 Hos
235 1806 341 1844 auctores
351 1803 375 1844 in
385 1804 482 1854 quotuor
491 1801 575 1856 species
586 1803 688 1844 dividere
698 1814 820 1856 possumus
831 1816 836 1843 z

149 1882 150 1885 ’
174 1880 194 1921 1.
212 1879 293 1921 Soncti
306 1878 387 1920 Pntres
404 1879 490 1931 aliique
506 1879 630 1933 Scriptores
647 1879 791 1920 ecclesiastici
807 1879 944 1932 antiquiores
966 1892 995 1922 ex

144 1946 248 1998 professo
261 1946 356 1999 quidem
368 1946 431 1988 dere
443 1948 524 1988 nostra
536 1959 582 1988 non
595 1949 683 1999 agunt;
696 1946 838 1998 pluresvero
859 1946 934 1988 obiter
946 1958 994 1989 rem
1038 1980 1040 1983 .

142 2015 255 2055 tractant.
277 2011 399 2065 Praecipui
418 2016 474 2053 sunt
494 2011 516 2053 S.
535 2012 639 2063 Basilius
658 2010 783 2064 (sto-379),
804 2010 992 2065 &Augustinus
1036 2027 1038 2030 ·

101 2127 102 2130 Ἴ
144 2077 263 2132 (sm-430)
278 2082 302 2120 et
317 2077 339 2119 S.
356 2078 452 2131 Cyrillus
468 2078 641 2121 Alexandrinus
659 2077 752 2131 (1444).
780 2078 871 2121 Horum
886 2080 994 2121 doctrina

144 2146 189 2186 erit
197 2145 250 2187 fons
259 2144 397 2198 praecipuus
407 2145 434 2186 de
444 2157 489 2198 quo
499 2144 607 2187 haurient
617 2144 657 2185 lvo
668 2144 817 2187 Carnutensis
834 2148 857 2194 et
864 2145 993 2187 Bernaldus

146 2210 338 2255 Constantiensis.
349 2210 395 2251 Alii
404 2211 428 2252 in
439 2211 536 2252 decursu
547 2211 615 2252 huius
625 2210 773 2252 tractationis
782 2211 956 2254 indicabuntur.
1034 2253 1036 2255 ,
1048 2261 1050 2264 .

123 2286 128 2290 ⁷
172 2277 215 2319 His
228 2277 375 2333 annumerari
384 2280 482 2330 possunt
491 2276 602 2329 epistolae
614 2276 831 2330 quorumdamRR.
841 2276 993 2329 Pontificum,
1031 2277 1036 2301 Γ

143 2344 268 2397 praecipue
283 2343 304 2385 S.
319 2342 402 2386 Leonis
415 2343 425 2383 l
440 2343 565 2397 (tao-lor),
581 2342 602 2385 S.
618 2343 704 2385 Gelasii
721 2343 730 2383 l
746 2341 869 2396 (tm-leo),
896 2344 918 2386 S.
932 2344 994 2388 Mar·
1061 2377 1064 2381 .

143 2411 188 2453 tini
205 2411 214 2451 Ι
232 2409 356 2464 (oia-653),
371 2410 469 2453 Adriani
485 2409 495 2450 l
513 2409 631 2463 (772-795)
646 2412 670 2451 et
685 2408 779 2453 Ioannis
793 2409 852 2451 VIII
868 2402 993 2466 (sm-882),
1029 2404 1031 2406 ’

55 2525 58 2530 ,
141 2478 220 2540 prouti
232 2480 288 2519 sunt
300 2479 372 2518 testes
384 2476 520 2530 disciplinae
532 2480 590 2518 tunc
601 2477 702 2532 vigentis
714 2476 793 2529 potius
805 2482 875 2530 q'uam
888 2474 993 2521 auctores

140 2546 202 2575 rurrs.
503 2568 505 2570 ,
974 2559 976 2564 »

169 2601 191 2642 2.
207 2599 271 2640 Inter
286 2598 409 2653 Scriptores
424 2598 506 2640 oetntis
520 2598 652 2652 posterioris
668 2598 719 2652 inde
734 2610 747 2639 α
761 2598 851 2640 soeculo
867 2598 911 2649 IX,
935 2613 983 2644 rem

141 2664 216 2707 obiter
231 2668 337 2707 tranctat
353 2664 494 2707 Hincmarus
511 2664 660 2721 Rhemensis¹¹¹
677 2663 697 2717 (t
710 2664 763 2718 882)
779 2668 803 2706 et
818 2663 886 2707 Abho
913 2664 986 2709 abbas

140 2731 291 2773 Floriacensis
305 2730 412 2784 (†1004).
425 2731 520 2773 Maioris
533 2730 644 2774 momenti
657 2721 716 2773 ‘sunt
736 2730 880 2773 collectiones
895 2734 989 2775 canoni-

143 2810 183 2839 cae
197 2798 305 2850 privatae
321 2801 431 2839 exaratae
448 2801 553 2850 tempore
569 2797 671 2850 Gregorii
686 2796 748 2839 VII:
763 2797 866 2840 Anselmi
879 2797 990 2848 Lucensis

143 2863 268 2917 (1073-85),
287 2863 414 2907 Cardinalis
431 2864 562 2905 Deusdedit
580 2862 812 2917 (1087),130n1·zonis,
830 2864 931 2917 episcopi
948 2864 990 2907 Su·
1073 2895 1077 2899 ,

141 2929 198 2972 trini
214 2928 277 2982 (post
293 2929 367 2983 1089).
396 2928 427 2971 Hi
442 2930 583 2983 praesertim
598 2932 671 2983 agunt
686 2930 714 2971 de
729 2933 822 2971 auctore
838 2929 991 2983 dispensatio-

139 3008 211 3039 num.
222 2995 341 3043 Eminent,
358 2998 462 3049 tempore
480 2995 571 3040 Urbani
589 2995 619 3046 II,
637 2999 753 3049 quatenus
769 2995 899 3039 doctrinam
914 2999 989 3052 magis
