2139 3277
323 161 500 207 eurerrunrun
511 162 652 193 ooorerrnnr
665 160 797 204 nuncnune
935 183 936 186 ,
958 145 985 190 71

137 265 263 314 violatores
279 269 356 323 legum
371 270 655 324 poenas—comminando,
673 274 697 313 et
713 270 810 314 abusive
828 269 990 325 dispensantes

137 348 216 380 severe
228 335 417 391 reprehendendo
429 334 462 389 (1)
472 348 478 383 ;
492 335 537 378 alia
550 348 579 377 ex
591 340 665 390 parte,
676 336 816 391 episcopide
828 335 988 389 usurpatione,

137 416 178 446 seu
193 405 271 459 potius
289 403 316 445 de
333 401 489 445 diminutione
505 414 601 445 suorum
615 402 702 445 iurium
718 415 785 456 saepe
802 402 923 456 quaerelas
939 414 989 445 mo-

137 475 223 514 verunt
234 467 274 524 (2).

165 537 186 579 2.
201 538 328 586 Beneuen
350 534 482 577 doctrinam
504 535 652 578 Thomassini
682 536 807 589 impugnat
828 547 928 590 eumque
952 548 988 577 ar-

108 655 112 657 ,
137 604 204 658 guit:
217 618 226 641 1
237 614 283 645 non
297 601 354 644 adeo
368 600 430 643 bona
442 601 490 642 fide
503 605 528 642 et
539 602 628 644 sincere
641 603 721 655 egisse,
736 615 763 644 ne
778 602 835 654 quid
849 602 987 645 auctoritati

137 670 200 711 Sedis
224 668 344 710 Romanae
369 667 490 709 detrahere
513 668 651 709 videretur»
663 667 703 721 (3).
728 666 842 710 Affirmat
865 667 986 711 Romanos
1006 685 1008 688 ’

136 734 263 778 Pontifices
276 745 399 786 usurpasse
412 727 556 786 potestatem
569 735 732 788 episcoporum
744 750 752 772 1
763 747 792 776 ex
803 734 919 777 indomito
932 746 987 787 pru-

134 801 182 843 ritu
196 800 307 844 iirmandi
322 800 475 849 dominatum,
492 800 529 841 cui
542 801 567 841 in
581 803 632 843 tarn
648 799 788 843 densissimis
802 799 905 843 tenebris
919 812 987 843 nemo

138 881 186 910 sese
204 867 302 921 amplius
319 870 435 920 oppenere
451 869 564 919 poterat»
576 865 617 920 (4).
635 866 700 909 Haec
716 866 808 909 theoria
824 865 883 909 falso
899 878 986 920 suppo-

134 934 170 976 nit
185 934 305 988 episcopos
318 932 368 974 iure
383 933 475 986 proprio
490 936 515 989 et
529 933 618 981 nativo,
635 945 664 974 ex
677 932 929 982 institutionedivina,
944 932 988 975 illi*

99 1056 101 1058 ‚
135 1000 246 1043 mitatam
271 1001 415 1052 potestatem
439 998 547 1042 habuisse
574 999 725 1052 dispensandi
749 1011 791 1052 pro
817 1012 860 1041 sua
885 999 985 1042 dioecesi

133 1067 206 1109 etiam
221 1067 245 1108 in
261 1066 309 1118 lege
326 1065 426 1118 generali
443 1065 558 1107 Ecclesiae
570 1064 611 1120 (5).
638 1066 766 1119 Usurpatio
782 1068 863 1108 tamen
879 1078 926 1109 non
942 1069 985 1114 est,

94 1169 96 1172 .
133 1145 186 1175 cum
196 1132 298 1174 mutatio
310 1131 397 1174 nonsit
407 1131 471 1174 facta
480 1132 504 1173 in
514 1135 641 1185 potestate,
653 1132 694 1174 sed
704 1132 729 1173 in
738 1144 782 1173 usu
793 1135 865 1185 atque
875 1133 986 1174 exercitio

132 1198 265 1252 potestatis.
278 1198 344 1240 Prior
355 1197 417 1239 enim
428 1210 482 1239 usus
495 1197 606 1246 obtinuit,
629 1202 657 1239 ut
669 1198 853 1251 dispensationes
865 1210 906 1251 pro
918 1202 986 1251 perte

135 1277 176 1319 per
188 1264 240 1306 RR.
252 1263 388 1312 Pontifices,
401 1276 442 1319 pro
454 1255 521 1317 parte
532 1275 574 1318 per
586 1264 740 1317 provincialia
751 1265 850 1309 concilia
861 1263 885 1306 et
897 1264 987 1318 episco-

133 1343 175 1385 pos
189 1331 386 1378 concederentur;
400 1330 514 1383 posterior
527 1343 591 1378 usus,
605 1335 633 1372 ut
647 1330 699 1372 ΒΗ.
714 1329 843 1379 Pontifices
857 1331 985 1385 concessio-

130 1408 183 1439 nem
201 1398 231 1439 ad
248 1409 272 1438 se
289 1395 459 1438 revocaverint.
493 1394 556 1437 Usus
574 1399 599 1437 et
617 1396 757 1438 exercitium
785 1397 853 1439 varia
880 1396 983 1445 fuerunt,

132 1476 179 1506 non
190 1465 302 1516 potestas,
316 1462 411 1516 quaein
423 1463 537 1515 episcopis
549 1465 573 1504 et
584 1463 681 1516 synodis
693 1475 734 1516 pro
747 1476 788 1504 suo
801 1459 878 1512 mode,
891 1465 916 1506 in
928 1463 981 1505 RR.

128 1527 284 1571 Pontificibus
297 1540 338 1581 pro
353 1539 530 1570 eorumsurnmo
539 1529 676 1581 principatu
690 1529 772 1571 eadem
784 1541 876 1583 semper
890 1530 982 1572 intacta

129 1598 216 1638 uranei.
235 1594 299 1652 Nihil
316 1594 369 1635 noui
386 1596 500 1647 potestati
518 1606 609 1637 summo
628 1594 739 1639 Pontifici
758 1596 855 1638 accessit
865 1609 871 1644 ;
889 1597 908 1638 si
925 1596 983 1648 quid
1027 1619 1029 1622 ·

93 1709 95 1711 .
129 1663 191 1705 adse
200 1661 328 1709 revocavit,
339 1672 386 1702 non
394 1660 442 1701 fuit
450 1660 550 1703 alienam
558 1662 693 1714 usurpando
704 1664 854 1715 potestatem,
865 1663 905 1705 sed
914 1675 981 1705 suam

57 1728 59 1731 ’
128 1727 266 1782 explicando
277 1741 282 1776 ;
295 1739 342 1768 non
353 1726 491 1768 inferiorum
502 1727 584 1769 munia
595 1728 736 1777 invadendo,
751 1728 792 1770 sed
808 1741 888 1770 eorum
907 1729 982 1770 defec-

127 1785 167 1837 tui
175 1794 306 1848 supplendo
318 1792 359 1846 (6).
373 1793 479 1842 Proinde,
492 1793 516 1835 in
528 1795 646 1837 mutanda
658 1794 782 1848 disciplina
793 1807 840 1837 non
854 1811 863 1832 r
874 1808 902 1837 ex
913 1797 981 1838 indo-

66 1860 67 1863 ’
127 1861 185 1903 mito
197 1860 290 1916 pruritu
300 1853 413 1902 firmandi
425 1860 574 1902 dominatum
584 1876 592 1898 1
613 1862 711 1913 egerunt
723 1861 776 1903 RR.
790 1860 927 1910 Pontifices,
940 1864 981 1905 sed

83 1919 88 1921 “
126 1927 249 1982 praecipue
262 1939 291 1968 ex
302 1927 393 1969 motivo
405 1925 461 1968 boni
473 1927 604 1969 communis
616 1926 740 1970 Ecclesiae.

155 1993 176 2034 3.
194 1993 241 2035 Nec
257 1993 432 2038 assentiendum
446 1996 482 2034 est
498 1992 647 2034 Generosius
662 1997 686 2036 et
703 1993 870 2044 Ioserfflsrrs,
891 1995 931 2037 uloi
948 1997 982 2038 af·
1025 2004 1027 2007 '

124 2059 223 2102 firmant
235 2059 355 2113 episcopos
369 2070 472 2101 servasse
485 2059 521 2100 ius
534 2059 685 2108 latissimum,
701 2059 723 2102 S.
738 2060 822 2104 Sedcm
835 2063 930 2104 tantum
943 2064 979 2105 ius

125 2126 266 2184 restrictum,
280 2126 379 2168 cavendi
391 2132 474 2179 nempe
490 2138 518 2167 ne
537 2127 641 2179 episcopi
658 2118 777 2183 potestate
795 2140 838 2169 sua
856 2120 979 2172 abuteren-

78 2238 80 2241 Α
123 2196 163 2234 tur
174 2188 215 2245 (7).
228 2191 281 2235 Non
294 2201 407 2245 negamus
420 2190 472 2235 RR.
485 2191 617 2242 Pontifices
627 2192 754 2251 aliquando
766 2207 845 2239 severe
857 2196 979 2253 repreheru
998 2200 1001 2202 ’

152 2403 222 2449 (tel)
224 2403 315 2449 .,Supra
326 2414 347 2448 p
360 2404 392 2441 83

127 2480 129 2483 -
174 2459 227 2505 )Ct.
241 2468 311 2504 supra,
324 2470 345 2505 p.
360 2460 392 2495 68
449 2485 451 2489 ψ

174 2516 314 2561 >Boiodurum
325 2526 342 2551 o.
353 2526 376 2558 1.,
386 2517 402 2552 t.
415 2515 450 2558 IV,
464 2517 514 2559 §48

174 2571 250 2616 )Ilu'd

174 2627 417 2673 )crc.‚sr1eceu1z0..c
421 2628 493 2672 p76
504 2638 550 2673 sqq

174 2683 181 2729 >
199 2684 363 2726 recursurus,
381 2683 487 2728 Responsa
501 2685 527 2719 ud
540 2685 600 2719 notus
614 2686 721 2730 scriptoris
737 2688 844 2731 (1110111111ιί,
859 2689 893 2723 ad.
909 2689 932 2724 L.
948 2689 977 2731 ΙΙ,

124 2739 148 2775 P
160 2739 202 2783 ΙΙΙ,
213 2740 265 2775 nota
275 2739 332 2775 11111
342 2739 413 2784 capite
421 2740 469 2774 libri
481 2740 496 2775 Ι.

158 2795 188 2841 (7)
205 2795 303 2832 (litantur
315 2796 373 2841 apud
383 2795 500 2839 sueciae
510 2805 555 2832 oc.
558 2797 652 2842 ,1)331,
662 2797 767 2833 notafm
776 2798 826 2835 ime
843 2800 908 2836 -tC
920 2801 982 2835 Kue-

88 2858 89 2861 ’
126 2860 178 2893 eeu,
197 2852 227 2886 De
243 2850 388 2898 Matrimonio,
403 2862 423 2899 p
439 2851 625 2910 8,-61111111111,
642 2854 787 2891 Instiutuz'cner
813 2858 980 2901 rurrsccucnrcz

152 2460 173 2504 (2

152 2516 173 2560 (3

152 2572 173 2616 (4

151 2628 172 2672 (5

130 2683 171 2728 (6
