2182 3277
138 196 180 239 102
296 210 329 238 DE
341 207 574 238 DISPENSATIONIBUS
588 207 654 238 APUD
666 208 832 239 DECRETISTAS

167 317 267 370 Quidam
280 309 405 373 utramque
417 317 538 362 notionem
549 316 655 372 explicite
665 303 822 368 identificant,
837 331 889 362 oum
903 319 989 362 docent

137 384 285 441 privilegium
305 384 354 427 dari
371 384 631 438 per-dispensationem
642 387 673 427 et
691 385 789 438 proinde
807 383 902 442 concedi
921 398 989 439 posse

137 452 270 495 contraius
289 460 411 493 commune
429 463 470 504 per
487 447 615 505 quamdam
633 452 795 504 exceptionem
813 451 899 501 aime,
919 455 988 494 extra
1043 453 1061 466 ¹

136 530 203 560 casus
216 517 336 571 praevisos
347 528 394 560 non
406 517 576 571 applicandam.
593 533 601 552 c
610 517 760 571 Privilegiurn
770 517 837 566 enim,
852 518 886 560 ait
901 517 991 560 Sunium

136 583 303 633 Monacensis,
319 588 355 626 est
367 584 424 626 iuris
438 584 526 641 publici
542 584 661 637 derogatio
675 597 716 638 per
731 585 930 638 dispensationem
946 585 988 628 ali-

137 664 184 705 qua
197 651 289 695 ratione
304 650 406 695 subnixa
415 666 430 700 »,
447 664 487 692 sen
501 667 510 689 c
520 650 667 704 privilegium
684 655 719 693 est
735 651 872 694 constitutio
895 656 987 705 praeter

137 719 210 771 legem
227 724 376 763 communem
393 718 483 772 aliquid
500 730 529 760 ex
546 717 719 771 dispensatione
735 718 874 771 indulgens»
892 717 933 773 (1).
952 719 988 761 Si·
1040 711 1041 714 '

138 785 239 834 canons,
251 785 292 840 qui
303 781 414 838 proxime
419 785 448 828 ab
459 785 503 827 hac
514 796 604 827 summa
614 785 708 837 pendet,
722 786 756 828 ait
767 799 771 826 :
782 800 790 823 r
800 784 947 839 privilegium
955 788 990 828 est

139 852 277 905 constitutio
290 851 379 905 aliquid
391 851 564 905 dispensatione
576 851 681 895 sanciens
693 853 786 906 practer
795 851 870 904 legem
882 864 988 895 commu-

140 930 210 963 nem»
222 916 262 972 (2).

168 983 282 1029 Attamen
294 984 323 1025 de
334 984 389 1026 solis
400 983 527 1038 privilegiis
540 984 667 1027 contraius
680 987 754 1038 agunt
766 984 920 1035 Decretistae,
934 976 1000 1030 cum*

138 1050 260 1105 privilegia
279 1053 303 1092 et
322 1050 508 1104 dispensationes
527 1049 684 1094 identificrnt.
704 1050 769 1093 Alias
788 1051 875 1105 species
894 1052 994 1106 privile-

139 1114 232 1170 giorum
246 1120 341 1166 norunt,
357 1129 417 1172 quae
432 1114 585 1160 aliisnormis
599 1119 712 1170 reguntur
727 1118 805 1173 quoad
819 1117 913 1165 illarum
933 1119 990 1173 legi·
1049 1133 1051 1135 ·

139 1183 224 1226 timam
242 1183 414 1228 concessionem
425 1182 466 1237 (3).
487 1184 536 1227 Imo
555 1184 652 1238 quidam
668 1183 716 1226 iam
736 1177 912 1229 distinctionem
929 1185 992 1229 inter

139 1249 287 1304 privilegium
300 1249 429 1292 contraius
442 1252 467 1291 et
479 1250 677 1304 dispensationem
691 1250 840 1294 adumbrant.

170 1315 258 1357 Souna
270 1316 408 1357 Lresrnnsrs
420 1315 577 1359 differentiam
589 1317 685 1359 innuere
696 1317 798 1361 videtur,
808 1318 886 1371 ipsum
898 1320 992 1362 textum

142 1381 230 1425 Sicardi
246 1383 279 1424 sic
293 1382 429 1425 referendo:
445 1382 611 1436 «privilegium
620 1386 662 1424 est
677 1383 816 1426 constitutio
833 1383 923 1438 aliquid
938 1397 992 1427 san-

142 1448 204 1492 ciens
215 1452 309 1503 praeier
319 1449 394 1503 legem
406 1441 553 1492 communem
563 1465 571 1488 »
582 1463 587 1497 ;
600 1449 692 1492 omittit
704 1450 766 1493 enim
777 1450 849 1492 verba
860 1464 864 1505 ς
877 1466 885 1488 a
896 1464 926 1493 ex
938 1451 994 1493 dis--

141 1516 296 1569 pensatione»
308 1514 348 1569 (4).
369 1515 450 1558 Glossa
468 1516 583 1570 quaedam
602 1515 707 1557 Summas
725 1528 861 1558 Antoninian
877 1517 994 1558 Bariana-

143 1592 233 1640 GENSISV
244 1581 354 1636 explicite
370 1585 496 1636 utramque
512 1582 633 1625 notionem
651 1583 777 1625 discernit:
802 1583 929 1626 «similiter
946 1585 992 1626 dis·
1041 1592 1043 1595 ⁴
1071 1593 1073 1595 ’

142 1648 249 1702 pensatio
264 1648 352 1692 domini
366 1661 441 1703 papae
454 1661 501 1692 non
515 1651 551 1690 est
564 1650 725 1692 contrahenda
739 1650 768 1692 ad
777 1641 992 1704 ¹consequentiam;

143 1718 167 1757 et
181 1716 253 1758 etiam
267 1716 287 1757 si
302 1715 343 1757 dat
357 1715 523 1768 privilegium»
535 1714 575 1769 (5).
598 1716 690 1758 Eodem
704 1716 773 1759 modo
790 1716 917 1770 distinguit
930 1717 995 1767 BER-

143 1792 241 1824 Naaons
257 1781 403 1822 papiensis:
418 1784 518 1836 «potest
534 1784 613 1825 autem
629 1781 705 1824 iacere
721 1781 877 1836 privilegium,
896 1784 936 1837 qui
953 1796 996 1837 po-

143 1851 190 1895 test
197 1848 273 1895 iacere
281 1848 356 1903 legem
366 1859 514 1892 communem
524 1860 529 1896 ;
539 1859 594 1892 nam
603 1850 627 1890 et
635 1848 654 1890 is
664 1848 727 1891 solus
736 1851 815 1903 potest
823 1844 899 1893 facere
909 1853 993 1894 contra

146 2050 171 2085 de
178 2048 263 2090 Marco,
276 2046 313 2092 qui
325 2047 423 2091 pollicem
436 2046 476 2080 sihi
488 2045 587 2088 abscidit,
599 2037 716 2090 respondeo
731 2054 779 2080 curn
794 2045 912 2082 leronimo:
926 2048 992 2091 privi-

143 2105 197 2150 legia
210 2112 328 2148 paucorum
341 2104 408 2147 legem
416 2113 459 2138 non
466 2102 549 2140 iaciunt
560 2111 708 2140 communem:
724 2101 819 2137 similiter
831 2103 856 2136 de
864 2104 944 2147 origine
953 2118 997 2140 u.—

147 2163 233 2198 Summa
245 2160 380 2202 Porisicnsis,
394 2160 443 2195 Cod.
458 2168 496 2195 ms.
511 2159 546 2194 cit.
559 2158 589 2193 iol
610 2159 642 2201 70,
657 2158 689 2193 col
710 2159 736 2200 23
751 2158 822 2193 Simon
831 2159 858 2192 de
873 2159 997 2203 Risinicno',

148 2219 198 2254 Cod.
210 2224 248 2252 ms,
262 2216 298 2251 cit.
309 2215 346 2250 tol.
358 2215 398 2257 141,
411 2215 443 2250 col
462 2214 487 2256 13
500 2215 586 2250 summa
598 2214 736 2257 Coloniensis,
749 2215 793 2250 cod.
806 2222 844 2250 ms
857 2216 893 2252 cit.
905 2216 941 2252 iol.
954 2217 979 2252 35
990 2226 995 2258 ς

146 2273 244 2310 Sicorclus
257 2271 405 2313 Cremonensis,
418 2271 463 2306 cod.
477 2280 514 2307 ms.
528 2271 562 2307 cit.
574 2270 610 2306 tol.
624 2271 684 2312 13313
698 2269 823 2313 Huppnccm,
850 2273 895 2309 cod.
908 2281 946 2309 ms,
960 2274 996 2310 cit.

146 2330 182 2368 iol.
191 2330 237 2371 216,
247 2329 286 2365 col.
295 2328 314 2363 2.
322 2347 350 2352 -
358 2327 389 2364 cf.
398 2328 424 2363 D.
433 2328 543 2368 Lrnonun,
552 2337 569 2363 o.
578 2336 594 2363 c.
610 2336 631 2371 p.
640 2327 665 2362 25
675 2335 721 2371 sqq.

173 2386 202 2431 (1)
218 2386 268 2422 Cod.
283 2392 322 2420 ms
337 2385 372 2421 cit.
387 2383 423 2420 fol.
437 2383 471 2426 25,
485 2383 523 2420 col.
538 2383 556 2419 3.

173 2443 203 2487 (2)
219 2442 269 2478 Cod.
284 2450 323 2476 ms.
338 2442 373 2477 cit.
388 2440 423 2477 tol⁴
438 2440 493 2476 2031.

175 2499 204 2543 (3)
222 2498 348 2535 Indicantur
360 2497 432 2534 variae
443 2496 530 2540 regulae
541 2506 554 2533 a
566 2495 691 2530 Decretistis
706 2491 769 2533 natis
782 2495 836 2529 circa
850 2504 925 2534 causas
938 2498 959 2532 et
971 2497 996 2533 li-

126 2598 129 2601 Δ
147 2557 209 2591 mites
220 2554 325 2599 privilegii
338 2556 358 2588 et
371 2552 534 2598 dispensationis
546 2553 603 2597 apud
616 2552 725 2594 Lrnnnnn,
738 2562 755 2586 o.
769 2560 792 2593 c.,
803 2561 824 2595 p.
837 2552 862 2586 26
875 2561 921 2597 sqq.

174 2611 203 2656 (4)
219 2612 268 2648 Cod.
282 2601 320 2646 ms.
330 2611 369 2647 cit.
382 2610 417 2645 iol.
430 2610 477 2652 227,
490 2609 528 2645 col.
541 2609 560 2650 2,
572 2609 598 2653 gl.
611 2610 638 2643 ad
651 2608 701 2643 dict.
714 2608 773 2643 Grat.
786 2617 804 2643 a.
818 2616 834 2643 c.
847 2608 880 2652 16,
893 2610 914 2646 C.
926 2610 999 2653 XXV,

176 2724 204 2768 (5)
214 2721 543 2766 Cod.ms.lat.Bamberg,can.i2.
552 2721 611 2758 Haec
618 2729 685 2765 parva
694 2729 777 2757 summa
784 2721 870 2755 videtur
879 2722 999 2767 conscripta

150 2779 172 2814 in
185 2780 228 2815 line
241 2778 319 2817 saeculi
332 2773 459 2820 duodecimi,
474 2779 499 2814 cl.
515 2777 622 2820 Senonrs,
639 2778 704 2814 Wien.
719 2776 855 2819 Silzunpsber.
869 2778 927 2813 Plril.
942 2779 999 2814 Hist.

150 2835 231 2877 masse,
241 2837 257 2871 t.
269 2837 294 2871 65
305 2835 383 2878 (1870),
393 2843 415 2879 p.
426 2835 459 2870 60.
474 2835 499 2870 ci.
511 2833 619 2876 Lrnnnnn,
634 2843 650 2870 o.
666 2843 690 2875 c.,
705 2843 725 2877 p.
736 2833 768 2868 27.
777 2852 804 2857 —
813 2832 861 2867 Non
870 2833 941 2877 agitur
951 2842 998 2878 ergo

151 2893 177 2927 de
186 2891 432 2937 §ummassamhergensi
443 2889 468 2935 de
484 2899 527 2934 qua
545 2897 614 2935 supra,
628 2898 647 2937 p.
665 2889 697 2934 93,
975 2883 980 2886 ’
