2139 3277
143 154 280 201 1166331113
295 166 532 200 nncnsrsrrsrsnnu
547 167 580 200 on
597 165 676 200 631163
690 162 906 196 31666361316111116
923 148 967 195 187

411 315 514 373 carm?
537 327 573 374 nr

261 441 388 490 Doctrina
403 445 435 487 de
449 457 530 491 causa
544 444 775 503 dispensationum

140 607 256 652 Doctrina
272 607 485 652 Decretalistarum
500 607 562 650 circa
577 619 674 650 causam
689 603 897 662 pro'concessione
914 608 963 650 dis-

111 674 257 727 pensationis
273 674 420 728 requisitam,
439 674 525 717 nititur
542 672 728 716 auctoritatibus
745 686 759 716 a
776 672 889 716 Gratiano
908 673 964 717 alla-

110 739 173 783 tisin
182 739 207 792 C,
217 740 235 782 I.
245 753 268 795 q.
277 740 331 789 VII,
341 744 365 783 et
373 741 499 795 praecipue
517 740 598 794 glossis
607 739 643 781 his
651 739 759 781 textibus
779 739 885 788 adnexis,
903 751 963 792 quae

112 807 244 851 doctrinam
257 807 444 851 Decretistarum
456 805 609 855 resumentes,
623 806 762 849 summatim
783 806 813 848 ad
825 806 883 847 11366
895 806 964 847 redu·
986 805 988 808 ’

111 873 131 915 61
146 876 263 926 possunt:
280 875 424 928 dispensatio
440 873 493 916 iieri
509 876 586 927 potest
602 885 644 926 pro
661 885 768 926 persona,
786 884 827 925 pro
843 874 960 925 tempore,

110 951 151 993 pro
161 940 220 989 loco,
232 953 273 995 pro
285 944 372 984 eventu
381 939 422 990 rei,
434 936 613 984 ex'necessitate
622 939 661 981 vel
669 939 777 981 utilitate
787 951 793 986 ;
812 941 836 981 61
845 938 904 981 11366
914 951 963 981 om-

110 1006 149 1048 nia
163 1007 252 1049 directe
266 1008 304 1049 vel
316 1007 431 1051 indirecte
444 1008 590 1050 reducuntur
604 1006 635 1051 ad
649 1017 745 1051 6336313
759 1006 909 1051 necessitatis
923 1005 962 1048 vel

109 1071 224 1116 utilitatis
243 1069 360 1116 Ecclesiae
373 1072 414 1127 (1).

140 1137 198 1182 Cum
214 1139 258 1182 hac
275 1140 382 1182 doctrina
398 1153 412 1183 a
427 1139 568 1190 Decretistis
584 1138 692 1184 stabilita
708 1141 840 1182 consonant
856 1151 959 1192 eaquae

113 1204 266 1248 Innocentius
283 1205 320 1246 ΙΙΙ
333 1206 358 1248 13
372 1206 444 1249 variis
459 1206 508 1247 suis
523 1204 680 1256 decretalibus
697 1206 725 1247 de
741 1216 812 1247 cansa
826 1206 856 1247 ad
871 1205 962 1257 licitam

112 1271 295 1325 dispensationis
315 1272 489 1325 concessionem
507 1272 622 1326 requisita
641 1271 743 1324 scripsit,
764 1272 873 1324 quamvis
893 1272 965 1325 priori

111 1341 208 1391 aspectu
223 1338 333 1381 severiori
349 1339 471 1382 doctrinae
487 1339 566 1391 potius
580 1329 810 1380 faverevideantur.
827 1337 860 1378 Et
874 1350 963 1388 revera,

112 1404 229 1457 rigidioris
240 1405 347 1458 magistri
358 1405 395 1447 sui
406 1404 567 1457 Huguccionis
579 1404 697 1457 opinionis
708 1415 805 1452 memor,
825 1404 961 1458 inquibus-

112 1471 167 1513 dam
188 1470 344 1514 decretalibus
365 1483 461 1528 causam
482 1471 630 1514 necessitatis
650 1470 689 1512 vel
708 1469 822 1512 utilitatis
843 1470 962 1515 Ecclesiae

110 1537 211 1590 requirit
221 1537 251 1579 ad
261 1536 351 1579 licitam
359 1537 425 1580 illam
437 1537 618 1580 concessionem
629 1536 662 1577 At
670 1537 790 1579 immerito
799 1536 855 1581 inde
865 1538 960 1580 conclu-

111 1604 205 1661 deretur
224 1603 389 1647 Innocentium
406 1604 536 1653 admisisse,
554 1607 626 1657 prout
643 1602 765 1656 Huguccio
783 1602 838 1646 olim
857 1605 962 1655 dixerat,

110 1669 197 1722 requiri
212 1685 221 1707 11
231 1680 342 1723 magnam
357 1682 461 1719 causam,
478 1670 527 1717 6611.
544 1670 663 1712 Ecclesiae
679 1670 828 1712 necessitatis
844 1671 964 1714 1161111111-

109 1733 168 1778 tatis
186 1736 337 1779 communis»
349 1735 391 1790 (2),
410 1728 465 1779 nam
483 1749 576 1780 6111133
593 1739 661 1789 parte
677 1736 727 1778 1313
744 1748 792 1779 1163
809 1735 917 1790 loquitur
935 1741 964 1781 de

109 1814 199 1844 «causa
213 1802 360 1846 necessitatis
375 1802 532 1852 communis»,
544 1816 573 1845 ex
582 1803 667 1845 311313
680 1802 732 1844 31116
747 1801 965 1854 dispensationibus
1012 1855 1014 1859 Ι

109 1871 190 1921 aperte
201 1867 306 1910 declarat
316 1867 417 1911 63611611
427 1868 456 1910 ob
468 1881 557 1918 causas,
570 1881 631 1923 quae
641 1868 721 1921 potius
731 1867 845 1909 utilitatis
855 1870 964 1922 privatae

109 1934 222 1977 dicendae
237 1936 301 1982 sunt,
316 1937 344 1975 ut
359 1934 513 1978 «litterarum
528 1936 636 1983 66163113,
652 1945 744 1978 morum
760 1933 880 1985 honestas,
897 1937 968 1981 111136,

108 2000 185 2042 virtus
200 2003 225 2041 et
239 1999 304 2043 13133
319 2012 451 2053 personae»
464 2000 505 2054 (3).
558 2024 560 2026 -

137 2066 309 2110 Decretalistae
341 2067 419 2109 minus
441 2067 556 2110 insistunt
578 2068 720 2111 tractationi
755 2066 793 2108 cui
816 2067 965 2115 Decretistae

108 2134 247 2186 praecipuas
263 2136 342 2185 partes
357 2133 510 2182 tribuernnt;
526 2137 645 2177 tractatus
659 2134 809 2187 systematici
825 2136 853 2176 de
870 2137 965 2190 dispen-

108 2199 242 2242 sationibus
252 2212 328 2252 pauca
337 2201 364 2242 de
373 2200 418 2244 hac
427 2201 528 2244 materia
536 2195 627 2243 habent
639 2200 679 2254 (4).
692 2200 828 2243 Generatim
839 2203 869 2243 ad
880 2216 966 2257 quac-s-

107 2266 198 2309 tionem
218 2265 321 2321 qualiter
341 2267 487 2320 dispensatio
508 2268 539 2309 sit
558 2267 669 2311 iacienda
688 2265 833 2320 respondent
850 2269 966 2323 simplici-

62 2469 79 2479 »
130 2450 160 2495 (1)
177 2451 208 2487 Gi.
222 2459 327 2496 suprap.
341 2451 387 2486 118.

131 2507 162 2552 (2)
179 2507 233 2543 Inde
246 2508 369 2542 doctrinam
383 2506 505 2542 Innocentii
517 2507 551 2541 HI
560 2508 626 2543 nimis
639 2516 714 2553 urgere
738 2508 825 2543 videtur
836 2510 968 2546 Hnsscrrrns

104 2573 121 2599 0.
134 2573 159 2604 c.‚
171 2563 187 2600 t.
203 2564 244 2606 III,
257 2573 278 2608 p.
291 2563 344 2598 674:
358 2577 365 2596 1
377 2563 496 2598 1333611113
507 2563 535 2598 161
547 2565 600 2600 aber
612 2565 668 2599 auch
680 2575 724 2600 von
738 2564 844 2601 Innocenz
858 2566 893 2601 III
905 2569 962 2603 noch

103 2617 224 2664 principiell
233 2620 355 2655 anerkannt
365 2620 459 2661 worden,
471 2620 519 2654 dass
530 2621 564 2655 die
574 2621 696 2665 Austihung
707 2622 774 2656 dieses
784 2622 914 2658 Vorrechtes
923 2634 964 2659 nur

69 2669 71 2673 ’
103 2676 132 2710 im
147 2676 206 2713 Falle
221 2677 279 2712 einer
293 2676 486 2720 Nothwendigkeit
500 2677 551 2712 oder
565 2678 622 2713 eines
638 2679 724 2714 Nutzen
739 2678 776 2712 der
791 2678 871 2721 Kirche
899 2681 964 2719 61311-

102 2732 173 2769 haben
187 2733 275 2768 11111161.

129 2789 159 2833 (3)
176 2790 197 2826 C.
212 2789 246 2832 20,
260 2788 287 2824 X.
303 2787 333 2822 De
347 2787 452 2830 electione,
469 2788 485 2830 Ι,
499 2788 518 2830 6,

129 2844 159 2891 (4)
175 2845 206 2881 Cf.
219 2853 290 2895 supra,
302 2853 323 2894 p.
336 2843 382 2884 147,
