2182 3277
178 259 208 308 64
247 273 282 309 Dii
292 267 527 311 DrerNsArionirs
539 282 555 310 s
569 268 635 313 snae.
649 272 665 313 ir
677 270 857 315 casameruli
870 271 991 317 enarrant
1042 312 1043 315 ,

177 391 283 433 mentum
298 389 464 443 frequentioris
479 387 628 435 interventus
644 390 743 435 Sanctae
759 391 832 443 Sedis,
861 405 915 437 cum
931 394 1029 436 eircum-

176 455 263 497 scribat
276 458 421 508 potestatem
436 456 597 510 episcoporum
610 457 650 512 (1),
667 461 709 501 aut
723 453 861 502 facultatem
877 458 1029 513 dispensandi

177 522 289 565 concedat
301 521 340 584 (2).
356 522 411 579 Ipsa
424 523 463 564 lex
476 524 588 568 canonica
602 528 627 566 et
640 529 693 567 acta
714 525 765 567 RR.
780 525 926 569 Pontificum
939 528 963 570 in
977 526 1029 580 qui-

180 585 280 631 busdam
297 589 394 641 exigunt
421 589 450 631 ab
469 590 582 643 episcopis
600 591 775 635 observantiam
807 591 940 636 absolutam
958 605 1028 636 cano·

176 666 232 695 num
244 652 283 707 (3),
303 655 328 697 in
347 655 398 697 aliis
418 667 510 698 omnem
529 657 679 709 dispensandi
699 657 838 701 facultatem
860 659 907 703 sine
928 658 1042 713 speciali·

118 759 119 762 ,
174 721 321 765 concessione
342 723 459 776 denegant
471 722 510 776 (4),
532 726 555 765 et
575 735 661 776 poenas
682 726 856 769 comminantur
874 730 956 769 contra
973 725 1027 767 illos

175 789 215 840 qui
228 788 361 831 ulteriorem
374 792 516 845 potestatem
529 793 645 847 usurpant
657 789 696 844 (⁷).
711 791 769 833 Aliis
781 793 806 834 in
820 793 912 836 casibus
928 794 959 836 eis
973 805 1027 835 con-

203 983 232 1028 (1)
250 983 279 1020 Cf.
290 993 360 1029 supra,
370 994 393 1028 p.
408 985 439 1021 59.

201 1040 232 1085 (2)
249 1040 517 1085 loANNESVHI(a.872-82)
529 1041 627 1076 concedit
637 1041 741 1086 episcopis
750 1033 877 1077 facultatem
889 1041 1028 1086 dispensandi

178 1104 226 1131 curn
239 1095 317 1131 clericis
330 1097 366 1141 qui
378 1105 469 1141 puerum
481 1097 604 1132 occiderunt
615 1098 638 1132 in
650 1107 688 1132 sua
700 1097 819 1134 iuventute.
840 1098 882 1141 PL,
895 1099 911 1133 t.
926 1099 971 1141 136,
985 1099 1026 1135 col.

174 1152 227 1194 8175
242 1152 339 1197 Ioannes
351 1154 373 1188 X
386 1152 479 1197 (914-24)
491 1154 588 1188 concedit
600 1153 757 1199 archiepiscopo
771 1154 889 1189 Coloniensi
901 1154 1027 1190 facultatem

175 1209 310 1253 dispensandi
322 1218 371 1243 cum
383 1210 496 1245 homicida.
521 1229 549 1235 -
563 1210 659 1253 synodus
673 1210 818 1245 Beneuentano
830 1210 858 1254 (a.
872 1211 933 1255 1095)
946 1212 984 1246 dat
995 1211 1027 1248 fa·
1050 1235 1053 1243 2

174 1265 277 1300 cultatem
291 1266 394 1310 episcopis
407 1260 544 1310 'dispensandi
558 1274 607 1300 cum
622 1266 754 1301 schismatice
768 1266 871 1301 ordinatis
884 1267 907 1302 in
921 1268 1027 1311 quantum

175 1322 238 1356 durat
246 1323 359 1357 necessitas
367 1331 405 1366 pro
415 1322 508 1359 ecclesia.
517 1323 631 1357 Nicotaus
646 1322 667 1356 ll
675 1321 702 1366 (a.
713 1322 773 1367 1059)
783 1322 880 1357 concedit
895 1324 1027 1368 potestatem

175 1378 311 1422 dispensandi
324 1388 372 1412 cum
385 1378 505 1413 simoniacis
517 1379 574 1413 bona
585 1378 629 1413 fide
638 1379 777 1414 ordinatis-
785 1379 892 1414 Uarenus
902 1379 1025 1424 H(a.1094)

174 1434 301 1469 facultatem
317 1435 354 1469 dat
370 1434 473 1479 episcopis
489 1435 625 1480 dispensandi
640 1443 688 1468 cum
703 1434 751 1469 filiis
766 1434 947 1479 presbyterorum,
963 1436 1026 1470 modo

174 1497 217 1525 non
228 1491 386 1526 incontinenter
398 1492 475 1526 vivant
483 1493 504 1527 et
511 1491 674 1526 ALEXANDERII
682 1490 772 1535 (aiore)
781 1499 829 1525 cum
836 1491 979 1527 homicida.—-
985 1492 1027 1533 ΡΑ,-

174 1547 389 1591 scuAL1s11(a.1107)
395 1547 647 1591 episcopoAttrebatensi
654 1548 751 1581 concedit
757 1547 884 1581 facultatem
890 1547 1029 1591 dispensandi

174 1611 222 1638 cum
232 1603 354 1638 ordinandis
363 1603 460 1646 bigamis.
472 1603 561 1639 Celebris
571 1604 603 1636 est
612 1603 703 1639 facultas
712 1603 739 1639 ab
750 1603 823 1637 eodem
840 1606 940 1640 concessa
949 1604 970 1639 S.
980 1604 1024 1638 An-

173 1660 237 1694 selmo
250 1653 414 1702 'Cantuariensi
439 1660 465 1693 de
483 1651 530 1703 ‘qua
547 1659 609 1693 infra.
634 1660 740 1694 Unanuus
757 1659 778 1693 II
797 1659 835 1693 dat
846 1660 948 1704 episcopis
959 1659 1026 1694 facul-

173 1716 242 1753 tatem
257 1715 394 1759 dispensandi
406 1716 429 1750 in
442 1715 486 1759 lege
500 1715 627 1750 residentiae
640 1715 697 1749 intra
710 1714 787 1749 limites
801 1714 859 1758 iuris,
874 1724 924 1750 cum
937 1716 1024 1760 presby-

173 1772 224 1806 teris
237 1772 273 1816 qui
285 1771 478 1815 peregrinationem
489 1773 517 1806 ad
529 1771 674 1806 Palaestinam
685 1770 809 1806 instituunt.
822 1790 850 1797 —-
863 1771 893 1807 Cf.
907 1771 1025 1815 Sameram

171 1837 189 1863 o.
200 1838 223 1870 c.,
233 1837 254 1872 p.
266 1827 304 1862 197
315 1829 336 1862 et
345 1827 384 1862 341
395 1836 441 1872 sqq.

197 1884 227 1928 (3)
243 1884 373 1919 Graecinus
388 1884 431 1918 VII
441 1893 445 1917 :
461 1896 468 1915 r
478 1883 568 1918 Decreta
580 1891 635 1926 quae
645 1882 734 1925 anobis,
744 1882 786 1917 imo
794 1891 808 1917 a
817 1881 916 1917 Romana
923 1882 1025 1925 Ecclesia,

170 1940 254 1985 prolata
263 1940 307 1975 sive
315 1940 443 1975 confirmata
449 1940 499 1975 sunt
507 1940 529 1975 in
537 1939 661 1984 peragendis
670 1938 730 1974 vobis
739 1938 832 1973 eiusdem
841 1938 939 1974 eeclesiae
948 1939 1024 1992 officiis

168 1996 294 2037 inconcussa
306 1996 405 2033 volumus
416 2004 562 2041 permanere».
575 1995 654 2037 darni,
669 1994 761 2037 Bedesis,
773 2004 793 2030 n.
807 1993 867 2031 4992.
877 2013 905 2020 -
917 1995 1025 2031 Innocuu-

170 2062 219 2088 rrus
234 2053 255 2087 II
265 2062 269 2086 :
280 2065 287 2084 r
298 2052 425 2088 Sanctorum
434 2053 521 2096 patrum
531 2052 593 2086 docet
602 2050 726 2093 auctoritas,
737 2051 793 2094 quod
802 2050 925 2094 apostolicis
935 2052 1024 2086 manda-

170 2109 197 2143 tis
209 2110 230 2143 et
240 2109 413 2143 institutionibus
424 2107 476 2143 nulli
487 2117 582 2152 unquam
592 2106 653 2142 licuit
664 2106 772 2142 obviare».
794 2106 824 2140 Et
834 2116 838 2141 :
849 2119 857 2139 c
867 2107 929 2149 Quod
939 2117 952 2142 a
962 2108 1024 2142 nobis

170 2165 246 2200 exinde
258 2166 365 2201 statutum
377 2166 417 2207 est,
435 2164 607 2209 irrefragabiliter
619 2163 742 2205 observetis,
760 2162 855 2205 alioquin
871 2164 985 2207 tamquam
1002 2164 1025 2198 in

170 2222 328 2265 contemptores
343 2221 476 2255 decretorum
490 2220 548 2266 Sedis
562 2219 698 2264 Apostolicae
711 2217 734 2253 in
747 2227 784 2253 vos
798 2218 900 2254 noveritis
915 2219 1025 2256 vindican-

171 2278 245 2313 dum».
255 2277 297 2319 PL,
305 2279 322 2313 t.
332 2277 377 2319 179,
387 2276 426 2312 col.
436 2276 475 2311 346
484 2278 506 2311 et
514 2276 559 2311 621.
568 2295 596 2300 —
603 2275 721 2316 siracusa,
730 2283 747 2309 o.
757 2284 780 2317 c.,
788 2283 810 2318 p.
819 2274 866 2309 336.

198 2333 228 2378 (4)
245 2333 274 2369 Ci.
288 2334 358 2369 varias
370 2332 426 2376 leges
440 2342 503 2377 supra
515 2332 631 2367 relatas*
643 2332 772 2366 Gaaoomus
785 2330 829 2365 VII
840 2331 926 2365 recusat
937 2331 969 2366 ius
982 2331 1024 2366 dis-

172 2390 277 2434 pensandi
291 2399 329 2434 pro
345 2389 394 2423 filiis
410 2389 584 2434 presbyterorum
599 2389 628 2423 ad
643 2386 726 2421 ordines
736 2387 895 2431 promovendis.
912 2405 939 2413 -
952 2388 1020 2422 Nico-

169 2456 225 2482 Laus
236 2445 491 2489 Ilta.1059-61)scribens
502 2447 530 2481 ad
540 2445 621 2479 clerum
632 2443 797 2484 sistaricensem,
809 2444 832 2477 et
842 2444 861 2478 ei
870 2443 1023 2483 commendans

171 2502 305 2539 Gennadium
320 2502 450 2546 episcopum,
465 2502 510 2537 ait:
525 2514 532 2533 a
543 2501 581 2537 Cui
595 2499 705 2535 Gennadio
720 2499 817 2533 dedimus
830 2499 853 2534 in
866 2499 981 2541 mandatis,
996 2507 1023 2534 ne

170 2568 273 2603 umquam
289 2558 434 2593 ordinationes
450 2559 574 2602 praesumat
589 2556 611 2590 in
627 2564 682 2597 eum,
699 2555 736 2598 qui
750 2554 855 2598 virginem
870 2563 914 2589 non
929 2556 961 2589 est
977 2564 1021 2590 sor-

169 2615 222 2650 titus
232 2623 327 2657 uxorem,
338 2622 407 2658 neque
416 2614 549 2656 illiteratum,
559 2612 593 2649 vel
602 2613 624 2647 in
635 2611 730 2655 qualibet
739 2611 832 2655 corporis
840 2611 902 2655 parte
912 2610 1024 2653 vitiatum,
1045 2652 1047 2654 ¹

169 2673 208 2707 aut
219 2679 245 2705 ex
254 2670 455 2715 poenitentia...Sed
464 2671 481 2705 si
490 2671 536 2714 quis
547 2669 602 2703 forte
613 2667 735 2702 huiusmodi
745 2667 878 2711 compererit,
889 2676 933 2701 non
943 2668 1024 2703 audeat

170 2734 318 2771 promoveres.
334 2727 375 2768 PL,
390 2727 406 2762 t.
423 2726 468 2769 143,
483 2727 521 2761 col.
537 2725 596 2760 1347.
613 2723 643 2759 Cf.
658 2723 724 2757 etiam
737 2722 871 2757 collectiones
886 2723 1021 2758 decretorum

173 2783 263 2817 Concilii
286 2782 451 2817 Rauenndfeusis
471 2782 498 2826 (a.
520 2781 575 2826 997),
596 2779 742 2814 Lateranensz's
761 2778 788 2823 (a.
810 2778 879 2823 1139),
902 2777 1023 2814 Rbemensis

175 2838 274 2883 (a1131),
285 2840 320 2874 cit.
330 2839 389 2883 apud
399 2839 516 2881 Srmaumn
527 2848 544 2873 o.
555 2847 578 2880 c.,
588 2845 610 2880 p.
621 2836 659 2871 338
670 2844 716 2879 sqq.

200 2894 229 2939 (5)
241 2894 300 2931 Cone.
314 2895 425 2929 Rbemense
436 2894 463 2938 (a.
475 2894 535 2939 1131)
546 2894 638 2936 denegat
646 2890 749 2936 episcopis
760 2891 781 2924 et
790 2889 914 2932 abbatibus,
924 2891 962 2925 sub
972 2898 1022 2936 poe-

173 2960 201 2986 na
216 2950 450 2994 excommunicationis,
465 2950 497 2985 ius
514 2949 578 2987 dandi
593 2947 774 2993 dispensationem
789 2945 881 2981 subditis
896 2953 934 2991 pro
950 2947 1022 2983 studio

170 3007 222 3044 iuris
236 3006 304 3043 civilis
318 3006 352 3043 vel
365 3007 490 3043 medicinae.
507 3007 566 3043 Cone.
583 3004 739 3040 Rauennatense
757 3001 821 3045 VIII,
836 3012 882 3040 can.
898 3002 924 3038 3:
937 3016 945 3036 c
954 3004 987 3039 Ne
999 3004 1022 3039 in
