2182 3277
182 257 197 304 2
290 313 296 320 .,
369 313 371 315 ‚
500 266 696 316 annanrnmnam

181 379 248 430 sandi
258 393 273 421 1.
290 377 354 421 Haec
368 389 435 431 porro
451 378 558 422 definitio
573 391 657 433 parum
671 391 724 421 cum
740 381 820 432 etymo
835 391 906 432 supra
920 375 1028 432 exposito
1073 413 1075 415 .

181 443 300 488 cohaerere
314 444 416 493 videtur,
431 448 455 487 et
469 445 524 488 solis
538 439 671 498 rationibus
686 437 802 488 historicis
818 446 929 505 explicari
942 447 1028 498 potest,
1077 440 1081 442 ”

180 514 294 565 quatenus
307 511 417 555 nimirum
429 523 486 554 usus
508 513 579 556 vocis.
599 513 629 556 ad
651 505 1028 564 onamdeterminatam'speoiem
1051 552 1054 555 .
1088 543 1090 545 ψ

179 577 358 631 dispensationis
373 575 392 622 a'
403 578 532 621 canonistis
547 578 596 620 tuit
609 579 726 622 limitatus
736 579 801 628 11100
816 582 896 621 autem
912 577 1030 620 mediante

178 644 267 686 saeculo
278 644 329 685 XII
339 644 429 686 iactum
441 648 483 693 est,
494 645 551 687 dum
563 644 596 686 illi
606 646 647 698 qui
657 648 726 688 antea
736 640 879 699 scripserant
888 644 966 687 latiori
977 655 1028 701 senff

177 722 204 752 su
215 722 297 753 vocem
311 709 475 760 adhibuerant,
489 723 558 753 sensu
571 723 654 764 nempe
667 712 742 754 omnis
756 711 914 764 derogationis
926 710 964 752 vel
976 721 1027 752 mu·
1053 725 1071 740 a

176 776 273 819 tationis
287 776 351 831 legiis,
365 777 456 820 intuitu
469 778 615 820 necessitatis
629 777 667 818 161
681 777 792 820 utilitatis
807 777 931 826 Ecclesiae,
945 776 1027 819 induc·
1054 782 1055 785 ’

175 845 229 891 tae;
243 844 284 896 qui
297 856 377 886 sensns
391 844 421 886 ad
434 855 527 886 sensum
541 843 705 896 primigenium
718 843 784 885 vocis
798 844 907 885 accedere
920 845 1025 896 apparet.
1063 879 1066 884 .

149 921 152 930 ¹
205 908 225 950 3.
246 908 275 949 In
295 908 429 962 antiquitate
450 908 533 950 Graeca
553 923 565 951 a
583 908 728 963 philosophis
747 906 910 952 adhibebatur
927 907 1037 950 verbum·

176 973 292 1028 oiuooopio
309 998 340 1003 —
358 976 422 1029 quod·
439 974 519 1019 Latini
536 975 657 1018 vocabant
675 975 913 1028 «dispensationem»
933 997 963 1003 »-
982 973 1024 1015 ubi

172 1039 299 1084 iustificare
316 1040 427 1083 volebant
442 1042 591 1084 mendacium
605 1043 668 1095 quod
681 1041 825 1084 necessitatis
844 1040 960 1083 dicebant.
978 1040 1025 1081 Ali-

174 1107 392 1161 quidenimiacere
416 1108 464 1147 κατ’
481 1107 611 1161 οἰκονομίαν
634 1111 685 1150 erat
707 1108 779 1165 ipsis:
807 1108 900 1161 aliquid
914 1106 977 1149 aliud
989 1106 1025 1149 fa-

172 1186 228 1229 cere,
244 1186 270 1216 ac
284 1173 312 1215 id‘
323 1174 388 1227 quod
401 1186 481 1216 revera
494 1174 615 1223 vellemus,
633 1175 662 1216 ad
677 1173 832 1216 obtinendum
847 1174 927 1223 tinem,
952 1185 1022 1227 quem

170 1241 286 1293 sequendo
306 1240 371 1283 viam
390 1240 532 1295 ordinariam
551 1240 656 1283 obtinere
675 1244 721 1283 non
740 1251 861 1293 possemus
874 1239 923 1294 (1);
952 1252 1019 1293 porro
1081 1264 1083 1266 ν

170 1304 303 1363 huiusmodi
316 1310 366 1349 erat
377 1307 525 1349 mendacium
538 1308 695 1349 necessitatis.

127 1428 129 1431 .
199 1372 219 1414 4.
237 1372 278 1414 lus
292 1370 395 1415 Atticum
407 1384 456 1415 rem
466 1385 515 1416 non
527 1372 689 1426 cognoscebat,
703 1384 757 1415 cum
770 1373 834 1414 nullo
849 1386 879 1414 ex
892 1370 968 1426 capite
982 1385 1020 1415 ex-

140 1433 147 1471 Ϊ
169 1439 300 1493 ceptionem
314 1453 327 1481 a
340 1439 420 1482 stricto
433 1439 482 1481 iure
496 1440 617 1482 admiserit
629 1438 668 1493 (2).
685 1439 744 1481 Item
757 1438 867 1480 Hebraeis
879 1439 926 1480 iuit
938 1440 1019 1492 ignota
1042 1475 1044 1477 ,

168 1506 318 1559 dispensatio,
339 1517 391 1548 cum
404 1517 439 1548 ex
456 1505 508 1559 ipsa
526 1506 674 1548 ordinatione
694 1505 774 1553 divina
792 1505 939 1559 prohibitum
958 1508 1019 1554 esset

167 1572 255 1626 aliquid
265 1572 308 1625 legi
319 1572 441 1625 adiungere
451 1572 489 1614 161
499 1572 620 1614 detrahere
633 1571 672 1625 (3).

195 1639 376 1681 5101111011
392 1638 476 1688 Graeci,
491 1641 544 1681 tum
558 1638 648 1688 Latini,
667 1638 765 1682 verbum
780 1638 932 1688 adhibebant,
947 1642 976 1690 ut
989 1639 1018 1682 ad

165 1706 261 1748 modum
275 1704 624 1759 philosophorumgraecorum,
642 1704 803 1748 iustificarent
816 1706 855 1747 161
868 1706 1027 1751 mendacium·
1049 1728 1051 1730 ·

165 1772 310 1815 necessitatis
322 1770 361 1825 (tl),
372 1771 411 1813 161
420 1771 477 1814 alias
488 1772 655 1815 declinationes
665 1785 679 1814 a
688 1772 727 1814 via
738 1772 866 1821 communi,
881 1775 906 1814 et
916 1786 929 1814 a
939 1772 1018 1825 regula

164 1838 281 1883 ordinaria
294 1838 385 1891 agendi.
400 1837 437 1880 Ita
448 1838 527 1891 ipsum
540 1850 598 1891 opus
612 1838 704 1880 divinae
718 1837 901 1881 Gubernationis
915 1841 938 1880 et
959 1837 1014 1880 Pro-

162 1904 281 1949 videntiae
301 1904 537 1958 «dispensationem»
556 1903 677 1947 vocabant
688 1903 735 1958 (5),
752 1916 826 1958 quum
853 1904 907 1946 huic
929 1905 1016 1947 actioni

162 1970 255 2014 divinae
269 1981 364 2023 semper,
375 1971 490 2023 quaedam
505 1971 570 2012 notio
586 1969 725 2012 subsidiaria
740 1971 872 2013 declinandi
884 1983 905 2012 ⁴a
927 1971 966 2013 via
981 1983 1017 2011 01-

162 2037 251 2079 dinaria
265 2037 372 2080 connecti
384 2037 440 2090 ipsis
453 2037 580 2078 videretur.
595 2035 657 2078 Hinc
671 2039 705 2078 est
719 2037 787 2090 quod
808 2028 951 2090 dispensatio
966 2038 1015 2077 κοτ’

160 2103 240 2156 ἐξοχήν
257 2102 369 2145 Patribus
386 2102 457 2145 fuerit
468 2102 698 2154 ChristiIncarnatio
709 2117 715 2151 ;
734 2114 790 2145 nam
798 2103 818 2145 si
828 2104 884 2157 quid
893 2106 928 2145 est
937 2106 1013 2145 extra-

160 2169 304 2213 ordinarium
318 2172 342 2210 et
354 2169 520 2222 exceptionale,
535 2170 555 2210 si
568 2169 626 2222 quid
639 2182 652 2211 a
666 2181 739 2211 cursu
754 2169 871 2211 ordinario
885 2181 962 2212 rerum
975 2171 1013 2213 de·
1079 2172 1081 2174 ’

133 2267 135 2269 -
160 2237 255 2285 clinans,
263 2236 322 2277 illud
331 2248 386 2278 sane
395 2238 430 2277 est
439 2236 502 2288 quod
512 2235 575 2276 Deus
585 2235 662 2277 iactus
671 2235 701 2277 sit
709 2235 787 2276 homo.
797 2235 902 2277 Verbum
915 2236 1012 2289 proinde
1062 2291 1064 2293 .

131 2329 132 2335 .
159 2303 222 2356 apud
235 2302 317 2345 Patres
331 2301 469 2355 designabat
481 2305 533 2357 tum
547 2302 695 2344 mendacium
708 2302 863 2350 necessitatis,
876 2305 929 2344 tum
942 2303 1010 2344 decli·
1054 2324 1067 2349 ς

158 2370 277 2413 nationem
289 2382 303 2411 a
314 2368 354 2411 via
367 2368 492 2418 communi,
506 2382 519 2411 a
530 2368 609 2421 regula
623 2368 743 2411 ordinaria
756 2369 848 2421 agendi.
861 2368 926 2411 Tunc
937 2368 1010 2421 igitur

184 2555 213 2599 (1)
229 2553 259 2590 Ci.
275 2554 393 2597 Streniae,
413 2552 570 2597 Dispensation,
591 2547 818 2598 Dispensationswesen
835 2554 878 2588 und
895 2553 1017 2600 Dispensat-⁸

158 2611 266 2646 iionsrecht
274 2612 303 2645 im
312 2609 463 2645 Kirclrenrecht.
472 2610 549 2655 Mainz,
559 2609 619 2651 1991,
627 2619 647 2654 p.
656 2610 668 2643 4
677 2618 706 2653 sq.
896 2623 900 2625 ⁷

184 2666 214 2711 (2)
230 2667 259 2702 ct.
275 2666 391 2710 sisennas,
403 2675 419 2701 o.
431 2675 453 2708 c,
464 2676 484 2710 p.
496 2665 528 2702 12.
925 2686 927 2689 -
1037 2684 1039 2686 -

183 2722 213 2767 (3)
229 2723 258 2758 Ci.
275 2723 380 2765 Fnaisau,
400 2721 513 2757 Geschicbte
532 2721 565 2756 des
583 2721 721 2756 lrcnonischen
741 2721 856 2764 Eherecbts,
874 2729 896 2767 p.
915 2722 960 2770 905.
980 2741 1008 2750 -ὴ

158 2779 300 2821 sribamne.
311 2788 327 2814 ο.
336 2788 357 2822 p.
369 2778 400 2814 13.
769 2778 771 2780 ’
872 2781 874 2784 ⁴
1039 2788 1041 2792 ⁴

184 2834 213 2878 (4)
230 2834 260 2870 Ci.
276 2835 379 2870 cennens
388 2834 572 2876 Aiaxnnnninos,
583 2830 731 2876 sinceraret.
742 2833 760 2876 7,
772 2842 787 2869 c.
799 2833 817 2869 9.
828 2831 879 2876 PG,
888 2834 905 2870 t.
917 2831 955 2878 IX,
966 2832 1004 2872 eol.

112 2907 113 2910 =
155 2890 369 2933 ‹iit-*Onieunns
379 2890 422 2933 PG,
432 2891 449 2926 t.
459 2889 499 2933 XI,
509 2890 549 2926 col.
560 2889 605 2926 102.
850 2886 853 2889 ’

182 2945 212 2991 (5)
240 2946 270 2982 Ct.
287 2946 410 2982 ornasses.
428 2947 468 2990 Ep.
484 2946 511 2980 ud
528 2945 594 2988 Rom,
609 2945 632 2982 L.
648 2945 666 2982 9.
681 2944 723 2988 PG,
736 2945 753 2982 t.
767 2944 829 2988 XIV,
843 2945 882 2983 col.
897 2946 964 2984 1202-.
978 2965 1006 2975 —-
1031 2966 1039 2975 s

153 3000 188 3038 DE
198 3003 283 3045 Manen,
297 3002 328 3038 De
338 3001 444 3038 concordio
452 3002 563 3037 sacerdotii
572 3003 592 3037 ei
601 3002 691 3047 imperii,
700 3001 723 3038 L.
735 3000 775 3044 III,
785 3010 803 3038 0.
814 3001 845 3045 13,
855 3011 875 3038 n.
887 3002 904 3040 1.
