<?xml version="1.0" encoding="UTF-8"?>
<!DOCTYPE html PUBLIC "-//W3C//DTD XHTML 1.0 Transitional//EN"
    "http://www.w3.org/TR/xhtml1/DTD/xhtml1-transitional.dtd">
<html xmlns="http://www.w3.org/1999/xhtml" xml:lang="en" lang="en">
 <head>
  <title>
</title>
<meta http-equiv="Content-Type" content="text/html;charset=utf-8" />
  <meta name='ocr-system' content='tesseract 3.04.00' />
  <meta name='ocr-capabilities' content='ocr_page ocr_carea ocr_par ocr_line ocrx_word'/>
</head>
<body>
  <div class='ocr_page' id='page_1' title='image "MN42048ucmf_3_0315.png"; bbox 0 0 2139 3277; ppageno 0'>
   <div class='ocr_carea' id='block_1_1' title="bbox 301 176 922 239">
    <p class='ocr_par' dir='ltr' id='par_1_1' title="bbox 301 176 922 239">
     <span class='ocr_line' id='line_1_1' title="bbox 301 176 922 239; baseline -0.003 -6"><span class='ocrx_word' id='word_1_1' title='bbox 301 186 426 235; x_wconf 69' lang='lat' dir='ltr'><strong>totamm</strong></span> <span class='ocrx_word' id='word_1_2' title='bbox 441 203 459 234; x_wconf 90' lang='lat' dir='ltr'><strong>s.</strong></span> <span class='ocrx_word' id='word_1_3' title='bbox 473 184 575 234; x_wconf 72' lang='lat' dir='ltr'><strong>uuonan</strong></span> <span class='ocrx_word' id='word_1_4' title='bbox 589 181 718 239; x_wconf 73' lang='lat' dir='ltr'><strong>aquinatis</strong></span> <span class='ocrx_word' id='word_1_5' title='bbox 801 213 803 216; x_wconf 58' lang='lat'>&lt;</span> <span class='ocrx_word' id='word_1_6' title='bbox 857 176 902 234; x_wconf 69' lang='lat' dir='ltr'><strong>&#39;26ss</strong></span> <span class='ocrx_word' id='word_1_7' title='bbox 919 185 922 187; x_wconf 74' lang='grc'><strong>’</strong></span> 
     </span>
    </p>
   </div>
   <div class='ocr_carea' id='block_1_2' title="bbox 12 301 925 2028">
    <p class='ocr_par' dir='ltr' id='par_1_2' title="bbox 43 301 902 423">
     <span class='ocr_line' id='line_1_2' title="bbox 43 301 902 364; baseline 0.003 -12"><span class='ocrx_word' id='word_1_8' title='bbox 43 303 45 318; x_wconf 57' lang='lat'>³</span> <span class='ocrx_word' id='word_1_9' title='bbox 81 301 103 353; x_wconf 77' lang='lat' dir='ltr'><strong>d.</strong></span> <span class='ocrx_word' id='word_1_10' title='bbox 122 310 203 363; x_wconf 83' lang='lat' dir='ltr'>Quoad</span> <span class='ocrx_word' id='word_1_11' title='bbox 216 309 409 364; x_wconf 75' lang='lat' dir='ltr'><em>dispensationem</em></span> <span class='ocrx_word' id='word_1_12' title='bbox 422 311 447 352; x_wconf 89' lang='lat' dir='ltr'><strong>in</strong></span> <span class='ocrx_word' id='word_1_13' title='bbox 460 312 515 362; x_wconf 84' lang='lat' dir='ltr'><strong>noto,</strong></span> <span class='ocrx_word' id='word_1_14' title='bbox 529 310 551 353; x_wconf 99' lang='lat' dir='ltr'>S.</span> <span class='ocrx_word' id='word_1_15' title='bbox 563 310 665 360; x_wconf 85' lang='lat' dir='ltr'><strong>Thomas</strong></span> <span class='ocrx_word' id='word_1_16' title='bbox 678 310 805 364; x_wconf 81' lang='lat' dir='ltr'><strong>distinguit</strong></span> <span class='ocrx_word' id='word_1_17' title='bbox 816 312 902 355; x_wconf 85' lang='lat' dir='ltr'><strong>votum</strong></span> 
     </span>
     <span class='ocr_line' id='line_1_3' title="bbox 53 377 431 423; baseline 0.005 -4"><span class='ocrx_word' id='word_1_18' title='bbox 53 377 196 423; x_wconf 88' lang='lat' dir='ltr'><strong>ordinarium</strong></span> <span class='ocrx_word' id='word_1_19' title='bbox 209 380 233 419; x_wconf 90' lang='lat' dir='ltr'><strong>et</strong></span> <span class='ocrx_word' id='word_1_20' title='bbox 246 378 431 422; x_wconf 75' lang='lat' dir='ltr'><strong>solemnizatum.</strong></span> 
     </span>
    </p>

    <p class='ocr_par' dir='ltr' id='par_1_3' title="bbox 18 443 920 1100">
     <span class='ocr_line' id='line_1_4' title="bbox 82 443 900 495; baseline -0.002 -8"><span class='ocrx_word' id='word_1_21' title='bbox 82 444 166 495; x_wconf 81' lang='lat' dir='ltr'>Quoad</span> <span class='ocrx_word' id='word_1_22' title='bbox 178 445 253 484; x_wconf 81' lang='lat' dir='ltr'><strong>uotum</strong></span> <span class='ocrx_word' id='word_1_23' title='bbox 265 443 414 493; x_wconf 79' lang='lat' dir='ltr'><strong>ordinarium,</strong></span> <span class='ocrx_word' id='word_1_24' title='bbox 428 445 473 488; x_wconf 93' lang='lat' dir='ltr'><strong>duo</strong></span> <span class='ocrx_word' id='word_1_25' title='bbox 486 457 548 488; x_wconf 84' lang='lat' dir='ltr'><strong>nova</strong></span> <span class='ocrx_word' id='word_1_26' title='bbox 559 444 694 493; x_wconf 74' lang='lat' dir='ltr'><strong>introducit,</strong></span> <span class='ocrx_word' id='word_1_27' title='bbox 706 444 745 487; x_wconf 85' lang='lat' dir='ltr'><strong>vel</strong></span> <span class='ocrx_word' id='word_1_28' title='bbox 756 445 840 487; x_wconf 88' lang='lat' dir='ltr'><strong>saltem</strong></span> <span class='ocrx_word' id='word_1_29' title='bbox 855 443 900 486; x_wconf 89' lang='lat' dir='ltr'><strong>cla-</strong></span> 
     </span>
     <span class='ocr_line' id='line_1_5' title="bbox 51 509 900 570; baseline 0.001 -19"><span class='ocrx_word' id='word_1_30' title='bbox 51 509 100 570; x_wconf 88' lang='lat' dir='ltr'><strong>rius</strong></span> <span class='ocrx_word' id='word_1_31' title='bbox 109 510 221 553; x_wconf 78' lang='lat' dir='ltr'><strong>formulat</strong></span> <span class='ocrx_word' id='word_1_32' title='bbox 231 522 292 564; x_wconf 90' lang='lat' dir='ltr'><strong>quae</strong></span> <span class='ocrx_word' id='word_1_33' title='bbox 302 524 317 553; x_wconf 89' lang='lat' dir='ltr'><strong>a</strong></span> <span class='ocrx_word' id='word_1_34' title='bbox 326 511 440 564; x_wconf 82' lang='lat' dir='ltr'><strong>theologis</strong></span> <span class='ocrx_word' id='word_1_35' title='bbox 451 514 475 552; x_wconf 88' lang='lat' dir='ltr'><strong>et</strong></span> <span class='ocrx_word' id='word_1_36' title='bbox 485 511 611 556; x_wconf 83' lang='lat' dir='ltr'><strong>canonistis</strong></span> <span class='ocrx_word' id='word_1_37' title='bbox 627 510 795 565; x_wconf 72' lang='lat' dir='ltr'><strong>posterioribus</strong></span> <span class='ocrx_word' id='word_1_38' title='bbox 815 511 900 553; x_wconf 86' lang='lat' dir='ltr'><strong>admit-</strong></span> 
     </span>
     <span class='ocr_line' id='line_1_6' title="bbox 50 570 902 632; baseline 0.002 -14"><span class='ocrx_word' id='word_1_39' title='bbox 50 579 139 622; x_wconf 85' lang='lat' dir='ltr'><strong>tentur.</strong></span> <span class='ocrx_word' id='word_1_40' title='bbox 151 576 269 630; x_wconf 79' lang='lat' dir='ltr'><strong>Imprimis</strong></span> <span class='ocrx_word' id='word_1_41' title='bbox 280 577 340 627; x_wconf 83' lang='lat' dir='ltr'><strong>clare</strong></span> <span class='ocrx_word' id='word_1_42' title='bbox 351 570 434 621; x_wconf 81' lang='lat' dir='ltr'><strong>definit</strong></span> <span class='ocrx_word' id='word_1_43' title='bbox 444 578 502 632; x_wconf 87' lang='lat' dir='ltr'><strong>quid</strong></span> <span class='ocrx_word' id='word_1_44' title='bbox 512 578 624 631; x_wconf 74' lang='lat' dir='ltr'><strong>importet</strong></span> <span class='ocrx_word' id='word_1_45' title='bbox 635 577 778 631; x_wconf 77' lang='lat' dir='ltr'><strong>dispensatio</strong></span> <span class='ocrx_word' id='word_1_46' title='bbox 801 580 824 618; x_wconf 87' lang='lat' dir='ltr'><strong>et</strong></span> <span class='ocrx_word' id='word_1_47' title='bbox 840 589 902 620; x_wconf 92' lang='lat' dir='ltr'><strong>com-</strong></span> 
     </span>
     <span class='ocr_line' id='line_1_7' title="bbox 51 642 904 698; baseline 0.001 -13"><span class='ocrx_word' id='word_1_48' title='bbox 51 642 153 686; x_wconf 82' lang='lat' dir='ltr'><strong>mutatio</strong></span> <span class='ocrx_word' id='word_1_49' title='bbox 162 642 221 687; x_wconf 86' lang='lat' dir='ltr'><strong>voti.</strong></span> <span class='ocrx_word' id='word_1_50' title='bbox 232 643 371 686; x_wconf 84' lang='lat' dir='ltr'><strong>Canonistae</strong></span> <span class='ocrx_word' id='word_1_51' title='bbox 381 643 442 688; x_wconf 88' lang='lat' dir='ltr'><strong>enim</strong></span> <span class='ocrx_word' id='word_1_52' title='bbox 452 646 476 686; x_wconf 87' lang='lat' dir='ltr'><strong>et</strong></span> <span class='ocrx_word' id='word_1_53' title='bbox 483 646 648 698; x_wconf 81' lang='lat' dir='ltr'><strong>praecedentes</strong></span> <span class='ocrx_word' id='word_1_54' title='bbox 656 644 760 697; x_wconf 78' lang='lat' dir='ltr'><strong>theologi</strong></span> <span class='ocrx_word' id='word_1_55' title='bbox 772 645 904 698; x_wconf 86' lang='lat' dir='ltr'><strong>promiscue</strong></span> 
     </span>
     <span class='ocr_line' id='line_1_8' title="bbox 53 708 907 765; baseline 0.004 -14"><span class='ocrx_word' id='word_1_56' title='bbox 53 721 122 763; x_wconf 87' lang='lat' dir='ltr'><strong>saepe</strong></span> <span class='ocrx_word' id='word_1_57' title='bbox 139 708 214 752; x_wconf 81' lang='lat' dir='ltr'><strong>verba</strong></span> <span class='ocrx_word' id='word_1_58' title='bbox 231 709 272 752; x_wconf 89' lang='lat' dir='ltr'><strong>illa</strong></span> <span class='ocrx_word' id='word_1_59' title='bbox 292 708 444 758; x_wconf 82' lang='lat' dir='ltr'><strong>adhibebant,</strong></span> <span class='ocrx_word' id='word_1_60' title='bbox 473 713 496 751; x_wconf 90' lang='lat' dir='ltr'><strong>et</strong></span> <span class='ocrx_word' id='word_1_61' title='bbox 517 710 714 763; x_wconf 79' lang='lat' dir='ltr'><strong>dispensationem</strong></span> <span class='ocrx_word' id='word_1_62' title='bbox 733 709 863 765; x_wconf 86' lang='lat' dir='ltr'><strong>reiciebant</strong></span> <span class='ocrx_word' id='word_1_63' title='bbox 881 710 907 754; x_wconf 87' lang='lat' dir='ltr'><strong>in</strong></span> 
     </span>
     <span class='ocr_line' id='line_1_9' title="bbox 54 774 906 831; baseline 0.001 -13"><span class='ocrx_word' id='word_1_64' title='bbox 54 775 196 831; x_wconf 89' lang='lat' dir='ltr'><strong>quibusdam</strong></span> <span class='ocrx_word' id='word_1_65' title='bbox 208 774 280 824; x_wconf 84' lang='lat' dir='ltr'><strong>votis,</strong></span> <span class='ocrx_word' id='word_1_66' title='bbox 296 776 352 818; x_wconf 92' lang='lat' dir='ltr'><strong>dum</strong></span> <span class='ocrx_word' id='word_1_67' title='bbox 366 775 577 820; x_wconf 88' lang='lat' dir='ltr'><strong>commutationem</strong></span> <span class='ocrx_word' id='word_1_68' title='bbox 590 776 757 826; x_wconf 84' lang='lat' dir='ltr'><strong>admittebant,</strong></span> <span class='ocrx_word' id='word_1_69' title='bbox 772 776 829 831; x_wconf 88' lang='lat' dir='ltr'><strong>quia</strong></span> <span class='ocrx_word' id='word_1_70' title='bbox 841 776 906 819; x_wconf 88' lang='lat' dir='ltr'><strong>illam</strong></span> 
     </span>
     <span class='ocr_line' id='line_1_10' title="bbox 18 840 902 895; baseline 0 -12"><span class='ocrx_word' id='word_1_71' title='bbox 18 844 20 846; x_wconf 83' lang='grc'><strong>’</strong></span> <span class='ocrx_word' id='word_1_72' title='bbox 56 841 266 886; x_wconf 88' lang='lat' dir='ltr'><strong>commutationem</strong></span> <span class='ocrx_word' id='word_1_73' title='bbox 280 840 305 886; x_wconf 86' lang='lat' dir='ltr'><strong>in</strong></span> <span class='ocrx_word' id='word_1_74' title='bbox 320 842 403 886; x_wconf 88' lang='lat' dir='ltr'><strong>melius</strong></span> <span class='ocrx_word' id='word_1_75' title='bbox 416 841 538 886; x_wconf 85' lang='lat' dir='ltr'><strong>habebant</strong></span> <span class='ocrx_word' id='word_1_76' title='bbox 553 846 580 885; x_wconf 90' lang='lat' dir='ltr'><strong>ut</strong></span> <span class='ocrx_word' id='word_1_77' title='bbox 594 843 649 885; x_wconf 84' lang='lat' dir='ltr'><strong>iuris</strong></span> <span class='ocrx_word' id='word_1_78' title='bbox 666 842 848 886; x_wconf 79' lang='lat' dir='ltr'><strong>declarationem</strong></span> <span class='ocrx_word' id='word_1_79' title='bbox 860 841 902 895; x_wconf 83' lang='grc'>(1).</span> 
     </span>
     <span class='ocr_line' id='line_1_11' title="bbox 53 907 910 966; baseline 0.005 -20"><span class='ocrx_word' id='word_1_80' title='bbox 53 924 62 947; x_wconf 74' lang='lat' dir='ltr'><strong>r</strong></span> <span class='ocrx_word' id='word_1_81' title='bbox 71 907 212 966; x_wconf 81' lang='lat' dir='ltr'><strong>Dispensare</strong></span> <span class='ocrx_word' id='word_1_82' title='bbox 221 907 247 951; x_wconf 90' lang='lat' dir='ltr'><strong>in</strong></span> <span class='ocrx_word' id='word_1_83' title='bbox 255 911 312 951; x_wconf 87' lang='lat' dir='ltr'><strong>voto</strong></span> <span class='ocrx_word' id='word_1_84' title='bbox 325 908 417 957; x_wconf 83' lang='lat' dir='ltr'><strong>dicitur,</strong></span> <span class='ocrx_word' id='word_1_85' title='bbox 428 908 448 950; x_wconf 90' lang='lat' dir='ltr'><strong>si</strong></span> <span class='ocrx_word' id='word_1_86' title='bbox 458 907 564 951; x_wconf 89' lang='lat' dir='ltr'><strong>absolute</strong></span> <span class='ocrx_word' id='word_1_87' title='bbox 576 909 742 953; x_wconf 84' lang='lat' dir='ltr'><strong>determinetur</strong></span> <span class='ocrx_word' id='word_1_88' title='bbox 753 907 849 963; x_wconf 87' lang='lat' dir='ltr'><strong>aliquod</strong></span> <span class='ocrx_word' id='word_1_89' title='bbox 859 921 910 962; x_wconf 53' lang='lat' dir='ltr'><strong>voa</strong></span> 
     </span>
     <span class='ocr_line' id='line_1_12' title="bbox 52 973 920 1029; baseline 0 -13"><span class='ocrx_word' id='word_1_90' title='bbox 52 977 105 1018; x_wconf 88' lang='lat' dir='ltr'><strong>tum</strong></span> <span class='ocrx_word' id='word_1_91' title='bbox 117 987 164 1025; x_wconf 88' lang='lat' dir='ltr'><strong>non</strong></span> <span class='ocrx_word' id='word_1_92' title='bbox 176 987 224 1016; x_wconf 88' lang='lat' dir='ltr'><strong>csse</strong></span> <span class='ocrx_word' id='word_1_93' title='bbox 237 973 410 1019; x_wconf 75' lang='lat' dir='ltr'><strong>obseruandum</strong></span> <span class='ocrx_word' id='word_1_94' title='bbox 420 991 435 1023; x_wconf 75' lang='lat' dir='ltr'><strong>e,</strong></span> <span class='ocrx_word' id='word_1_95' title='bbox 450 978 473 1017; x_wconf 87' lang='lat' dir='ltr'><strong>et</strong></span> <span class='ocrx_word' id='word_1_96' title='bbox 484 991 493 1013; x_wconf 74' lang='lat' dir='ltr'><strong>a</strong></span> <span class='ocrx_word' id='word_1_97' title='bbox 503 978 647 1019; x_wconf 89' lang='lat' dir='ltr'><strong>commutare</strong></span> <span class='ocrx_word' id='word_1_98' title='bbox 657 978 749 1024; x_wconf 85' lang='lat' dir='ltr'><strong>votum,</strong></span> <span class='ocrx_word' id='word_1_99' title='bbox 772 976 791 1017; x_wconf 92' lang='lat' dir='ltr'><strong>si</strong></span> <span class='ocrx_word' id='word_1_100' title='bbox 802 987 844 1029; x_wconf 90' lang='lat' dir='ltr'><strong>pro</strong></span> <span class='ocrx_word' id='word_1_101' title='bbox 853 974 902 1021; x_wconf 82' lang='lat' dir='ltr'><strong>hoc</strong></span> <span class='ocrx_word' id='word_1_102' title='bbox 917 980 920 983; x_wconf 58' lang='lat'><strong>⁴</strong></span> 
     </span>
     <span class='ocr_line' id='line_1_13' title="bbox 53 1040 707 1100; baseline -0.005 -17"><span class='ocrx_word' id='word_1_103' title='bbox 53 1042 117 1096; x_wconf 89' lang='lat' dir='ltr'><strong>quod</strong></span> <span class='ocrx_word' id='word_1_104' title='bbox 127 1041 328 1100; x_wconf 6' lang='lat' dir='ltr'><strong>semiandumwerat</strong></span> <span class='ocrx_word' id='word_1_105' title='bbox 337 1040 500 1095; x_wconf 58' lang='lat' dir='ltr'><strong>aliquid&#39;aliud</strong></span> <span class='ocrx_word' id='word_1_106' title='bbox 508 1041 637 1096; x_wconf 87' lang='lat' dir='ltr'><strong>imponitur</strong></span> <span class='ocrx_word' id='word_1_107' title='bbox 646 1057 655 1080; x_wconf 78' lang='grc'><strong>1</strong></span> <span class='ocrx_word' id='word_1_108' title='bbox 666 1041 707 1096; x_wconf 86' lang='lat'>(2).</span> 
     </span>
    </p>

    <p class='ocr_par' dir='ltr' id='par_1_4' title="bbox 12 1106 908 1297">
     <span class='ocr_line' id='line_1_14' title="bbox 83 1106 907 1161; baseline 0.001 -12"><span class='ocrx_word' id='word_1_109' title='bbox 83 1107 174 1153; x_wconf 82' lang='lat' dir='ltr'><strong>Deinde</strong></span> <span class='ocrx_word' id='word_1_110' title='bbox 184 1118 231 1151; x_wconf 90' lang='lat' dir='ltr'><strong>non</strong></span> <span class='ocrx_word' id='word_1_111' title='bbox 244 1106 322 1159; x_wconf 79' lang='lat' dir='ltr'><strong>arguit</strong></span> <span class='ocrx_word' id='word_1_112' title='bbox 332 1108 362 1149; x_wconf 93' lang='lat' dir='ltr'><strong>ad</strong></span> <span class='ocrx_word' id='word_1_113' title='bbox 372 1109 470 1152; x_wconf 86' lang='lat' dir='ltr'><strong>modum</strong></span> <span class='ocrx_word' id='word_1_114' title='bbox 481 1107 655 1152; x_wconf 82' lang='lat' dir='ltr'><strong>canonistarum</strong></span> <span class='ocrx_word' id='word_1_115' title='bbox 673 1120 703 1149; x_wconf 89' lang='lat' dir='ltr'><strong>ex</strong></span> <span class='ocrx_word' id='word_1_116' title='bbox 711 1108 776 1150; x_wconf 82' lang='lat' dir='ltr'><strong>iacto</strong></span> <span class='ocrx_word' id='word_1_117' title='bbox 789 1107 907 1161; x_wconf 85' lang='lat' dir='ltr'><strong>dispensa-</strong></span> 
     </span>
     <span class='ocr_line' id='line_1_15' title="bbox 51 1173 908 1228; baseline 0.001 -13"><span class='ocrx_word' id='word_1_118' title='bbox 51 1174 124 1218; x_wconf 88' lang='lat' dir='ltr'><strong>tionis</strong></span> <span class='ocrx_word' id='word_1_119' title='bbox 134 1173 220 1228; x_wconf 87' lang='lat' dir='ltr'><strong>Papae,</strong></span> <span class='ocrx_word' id='word_1_120' title='bbox 234 1174 264 1216; x_wconf 94' lang='lat' dir='ltr'><strong>ad</strong></span> <span class='ocrx_word' id='word_1_121' title='bbox 276 1173 325 1216; x_wconf 89' lang='lat' dir='ltr'><strong>eius</strong></span> <span class='ocrx_word' id='word_1_122' title='bbox 335 1176 479 1226; x_wconf 89' lang='lat' dir='ltr'><strong>potestatem</strong></span> <span class='ocrx_word' id='word_1_123' title='bbox 492 1174 641 1228; x_wconf 84' lang='lat' dir='ltr'><strong>dispensandi</strong></span> <span class='ocrx_word' id='word_1_124' title='bbox 651 1174 676 1219; x_wconf 92' lang='lat' dir='ltr'><strong>in</strong></span> <span class='ocrx_word' id='word_1_125' title='bbox 686 1175 736 1217; x_wconf 88' lang='lat' dir='ltr'><strong>iure</strong></span> <span class='ocrx_word' id='word_1_126' title='bbox 748 1177 854 1224; x_wconf 89' lang='lat' dir='ltr'><strong>naturae,</strong></span> <span class='ocrx_word' id='word_1_127' title='bbox 867 1175 908 1217; x_wconf 90' lang='lat' dir='ltr'><strong>sed</strong></span> 
     </span>
     <span class='ocr_line' id='line_1_16' title="bbox 12 1240 905 1297; baseline 0 -14"><span class='ocrx_word' id='word_1_128' title='bbox 12 1287 13 1291; x_wconf 41' lang='lat'><strong>,</strong></span> <span class='ocrx_word' id='word_1_129' title='bbox 54 1240 155 1295; x_wconf 86' lang='lat' dir='ltr'><strong>inquirit</strong></span> <span class='ocrx_word' id='word_1_130' title='bbox 165 1243 246 1297; x_wconf 89' lang='lat' dir='ltr'><strong>utrum</strong></span> <span class='ocrx_word' id='word_1_131' title='bbox 258 1252 339 1283; x_wconf 88' lang='lat' dir='ltr'><strong>revera</strong></span> <span class='ocrx_word' id='word_1_132' title='bbox 350 1240 375 1284; x_wconf 90' lang='lat' dir='ltr'><strong>in</strong></span> <span class='ocrx_word' id='word_1_133' title='bbox 388 1240 562 1294; x_wconf 86' lang='lat' dir='ltr'><strong>dispensatione</strong></span> <span class='ocrx_word' id='word_1_134' title='bbox 573 1243 684 1284; x_wconf 84' lang='lat' dir='ltr'><strong>votorum</strong></span> <span class='ocrx_word' id='word_1_135' title='bbox 694 1241 813 1284; x_wconf 81' lang='lat' dir='ltr'><strong>habeatur</strong></span> <span class='ocrx_word' id='word_1_136' title='bbox 825 1241 905 1294; x_wconf 91' lang='lat' dir='ltr'><strong>aliqua</strong></span> 
     </span>
    </p>

    <p class='ocr_par' dir='ltr' id='par_1_5' title="bbox 27 1306 906 1428">
     <span class='ocr_line' id='line_1_17' title="bbox 55 1306 906 1361; baseline 0 -12"><span class='ocrx_word' id='word_1_137' title='bbox 55 1307 198 1361; x_wconf 82' lang='lat' dir='ltr'><strong>dispensatio</strong></span> <span class='ocrx_word' id='word_1_138' title='bbox 210 1307 235 1351; x_wconf 89' lang='lat' dir='ltr'><strong>in</strong></span> <span class='ocrx_word' id='word_1_139' title='bbox 245 1309 371 1360; x_wconf 89' lang='lat' dir='ltr'><strong>praecepto</strong></span> <span class='ocrx_word' id='word_1_140' title='bbox 382 1306 439 1349; x_wconf 88' lang='lat' dir='ltr'><strong>iuris</strong></span> <span class='ocrx_word' id='word_1_141' title='bbox 451 1307 565 1349; x_wconf 88' lang='lat' dir='ltr'><strong>naturalis</strong></span> <span class='ocrx_word' id='word_1_142' title='bbox 575 1308 613 1350; x_wconf 87' lang='lat' dir='ltr'><strong>vel</strong></span> <span class='ocrx_word' id='word_1_143' title='bbox 624 1308 705 1351; x_wconf 88' lang='lat' dir='ltr'><strong>divini.</strong></span> <span class='ocrx_word' id='word_1_144' title='bbox 718 1308 750 1349; x_wconf 91' lang='lat' dir='ltr'><strong>Et</strong></span> <span class='ocrx_word' id='word_1_145' title='bbox 761 1310 839 1360; x_wconf 79' lang='lat' dir='ltr'><strong>negat,</strong></span> <span class='ocrx_word' id='word_1_146' title='bbox 851 1319 906 1349; x_wconf 89' lang='lat' dir='ltr'><strong>nam</strong></span> 
     </span>
     <span class='ocr_line' id='line_1_18' title="bbox 27 1373 904 1428; baseline 0 -13"><span class='ocrx_word' id='word_1_147' title='bbox 27 1373 29 1375; x_wconf 77' lang='grc'><strong>’</strong></span> <span class='ocrx_word' id='word_1_148' title='bbox 55 1373 161 1428; x_wconf 87' lang='lat' dir='ltr'><strong>superior</strong></span> <span class='ocrx_word' id='word_1_149' title='bbox 174 1385 221 1417; x_wconf 90' lang='lat' dir='ltr'><strong>non</strong></span> <span class='ocrx_word' id='word_1_150' title='bbox 234 1373 327 1415; x_wconf 84' lang='lat' dir='ltr'><strong>relaxat</strong></span> <span class='ocrx_word' id='word_1_151' title='bbox 339 1373 420 1426; x_wconf 82' lang='lat' dir='ltr'><strong>legem,</strong></span> <span class='ocrx_word' id='word_1_152' title='bbox 436 1386 477 1416; x_wconf 87' lang='lat' dir='ltr'><strong>seu</strong></span> <span class='ocrx_word' id='word_1_153' title='bbox 489 1376 641 1428; x_wconf 87' lang='lat' dir='ltr'><strong>praeceptum</strong></span> <span class='ocrx_word' id='word_1_154' title='bbox 655 1385 697 1418; x_wconf 91' lang='lat' dir='ltr'><strong>nos</strong></span> <span class='ocrx_word' id='word_1_155' title='bbox 712 1374 859 1427; x_wconf 77' lang='lat' dir='ltr'><strong>adstringens</strong></span> <span class='ocrx_word' id='word_1_156' title='bbox 874 1374 904 1416; x_wconf 90' lang='lat' dir='ltr'><strong>ad</strong></span> 
     </span>
    </p>

    <p class='ocr_par' dir='ltr' id='par_1_6' title="bbox 41 1440 925 2028">
     <span class='ocr_line' id='line_1_19' title="bbox 52 1440 904 1495; baseline -0.004 -13"><span class='ocrx_word' id='word_1_157' title='bbox 52 1443 164 1483; x_wconf 82' lang='lat' dir='ltr'><strong>votorum</strong></span> <span class='ocrx_word' id='word_1_158' title='bbox 176 1440 346 1493; x_wconf 85' lang='lat' dir='ltr'><strong>impletionem,</strong></span> <span class='ocrx_word' id='word_1_159' title='bbox 359 1441 400 1481; x_wconf 88' lang='lat' dir='ltr'><strong>sed</strong></span> <span class='ocrx_word' id='word_1_160' title='bbox 411 1451 453 1493; x_wconf 87' lang='lat' dir='ltr'><strong>per</strong></span> <span class='ocrx_word' id='word_1_161' title='bbox 466 1440 647 1484; x_wconf 83' lang='lat' dir='ltr'><strong>declarationem</strong></span> <span class='ocrx_word' id='word_1_162' title='bbox 659 1441 788 1495; x_wconf 89' lang='lat' dir='ltr'><strong>quamdam</strong></span> <span class='ocrx_word' id='word_1_163' title='bbox 800 1456 809 1478; x_wconf 75' lang='lat' dir='ltr'><strong>r</strong></span> <span class='ocrx_word' id='word_1_164' title='bbox 820 1440 904 1482; x_wconf 87' lang='lat' dir='ltr'><strong>diiudi-</strong></span> 
     </span>
     <span class='ocr_line' id='line_1_20' title="bbox 56 1504 905 1562; baseline 0 -13"><span class='ocrx_word' id='word_1_165' title='bbox 56 1510 95 1562; x_wconf 77' lang='lat' dir='ltr'><strong>cat</strong></span> <span class='ocrx_word' id='word_1_166' title='bbox 109 1507 168 1561; x_wconf 91' lang='lat' dir='ltr'><strong>quid</strong></span> <span class='ocrx_word' id='word_1_167' title='bbox 181 1506 212 1548; x_wconf 88' lang='lat' dir='ltr'><strong>sit</strong></span> <span class='ocrx_word' id='word_1_168' title='bbox 225 1505 301 1558; x_wconf 81' lang='lat' dir='ltr'><strong>magis</strong></span> <span class='ocrx_word' id='word_1_169' title='bbox 313 1505 455 1555; x_wconf 76' lang='lat' dir='ltr'><strong>virtuosum,</strong></span> <span class='ocrx_word' id='word_1_170' title='bbox 471 1510 495 1548; x_wconf 91' lang='grc'><strong>61</strong></span> <span class='ocrx_word' id='word_1_171' title='bbox 508 1507 558 1548; x_wconf 91' lang='lat' dir='ltr'><strong>Deo</strong></span> <span class='ocrx_word' id='word_1_172' title='bbox 572 1507 646 1559; x_wconf 79' lang='lat' dir='ltr'><strong>magis</strong></span> <span class='ocrx_word' id='word_1_173' title='bbox 661 1509 785 1560; x_wconf 88' lang='lat' dir='ltr'><strong>acceptum</strong></span> <span class='ocrx_word' id='word_1_174' title='bbox 796 1521 805 1545; x_wconf 77' lang='lat' dir='ltr'><strong>e</strong></span> <span class='ocrx_word' id='word_1_175' title='bbox 816 1504 849 1560; x_wconf 85' lang='lat'><strong>(3)</strong></span> <span class='ocrx_word' id='word_1_176' title='bbox 864 1519 905 1549; x_wconf 90' lang='lat' dir='ltr'><strong>seu</strong></span> 
     </span>
     <span class='ocr_line' id='line_1_21' title="bbox 41 1571 925 1631; baseline -0.001 -15"><span class='ocrx_word' id='word_1_177' title='bbox 41 1573 131 1631; x_wconf 66' lang='lat' dir='ltr'><strong>&#39;auferp</strong></span> <span class='ocrx_word' id='word_1_178' title='bbox 148 1572 284 1626; x_wconf 86' lang='lat' dir='ltr'><strong>simpliciter</strong></span> <span class='ocrx_word' id='word_1_179' title='bbox 302 1571 420 1617; x_wconf 87' lang='lat' dir='ltr'><strong>obiectum</strong></span> <span class='ocrx_word' id='word_1_180' title='bbox 436 1573 496 1622; x_wconf 83' lang='lat' dir='ltr'><strong>voti,</strong></span> <span class='ocrx_word' id='word_1_181' title='bbox 514 1573 644 1628; x_wconf 84' lang='lat' dir='ltr'><strong>siquidem:</strong></span> <span class='ocrx_word' id='word_1_182' title='bbox 661 1572 825 1616; x_wconf 78' lang='lat' dir='ltr'><strong>«auctoritate</strong></span> <span class='ocrx_word' id='word_1_183' title='bbox 841 1573 925 1627; x_wconf 78' lang='lat' dir='ltr'><strong>supe·¹</strong></span> 
     </span>
     <span class='ocr_line' id='line_1_22' title="bbox 52 1637 909 1693; baseline 0.004 -13"><span class='ocrx_word' id='word_1_184' title='bbox 52 1639 120 1681; x_wconf 91' lang='lat' dir='ltr'><strong>rioris</strong></span> <span class='ocrx_word' id='word_1_185' title='bbox 131 1638 289 1693; x_wconf 86' lang='lat' dir='ltr'><strong>dispensantis</strong></span> <span class='ocrx_word' id='word_1_186' title='bbox 298 1637 335 1688; x_wconf 81' lang='lat' dir='ltr'><strong>fn,</strong></span> <span class='ocrx_word' id='word_1_187' title='bbox 346 1642 374 1681; x_wconf 93' lang='lat' dir='ltr'><strong>ut</strong></span> <span class='ocrx_word' id='word_1_188' title='bbox 382 1638 499 1693; x_wconf 89' lang='lat' dir='ltr'><strong>hocquod</strong></span> <span class='ocrx_word' id='word_1_189' title='bbox 507 1638 671 1683; x_wconf 80' lang='lat' dir='ltr'><strong>continebatur</strong></span> <span class='ocrx_word' id='word_1_190' title='bbox 682 1638 724 1682; x_wconf 93' lang='lat' dir='ltr'><strong>sub</strong></span> <span class='ocrx_word' id='word_1_191' title='bbox 734 1641 792 1683; x_wconf 85' lang='lat' dir='ltr'><strong>voto</strong></span> <span class='ocrx_word' id='word_1_192' title='bbox 800 1650 848 1684; x_wconf 90' lang='lat' dir='ltr'><strong>non</strong></span> <span class='ocrx_word' id='word_1_193' title='bbox 855 1648 909 1683; x_wconf 88' lang='lat' dir='ltr'><strong>con-</strong></span> 
     </span>
     <span class='ocr_line' id='line_1_23' title="bbox 51 1705 904 1760; baseline 0 -13"><span class='ocrx_word' id='word_1_194' title='bbox 51 1706 165 1754; x_wconf 85' lang='lat' dir='ltr'><strong>tineatur‚</strong></span> <span class='ocrx_word' id='word_1_195' title='bbox 179 1705 203 1750; x_wconf 90' lang='lat' dir='ltr'><strong>in</strong></span> <span class='ocrx_word' id='word_1_196' title='bbox 217 1707 335 1760; x_wconf 86' lang='lat' dir='ltr'><strong>quantum</strong></span> <span class='ocrx_word' id='word_1_197' title='bbox 350 1705 520 1749; x_wconf 87' lang='lat' dir='ltr'><strong>determinatur</strong></span> <span class='ocrx_word' id='word_1_198' title='bbox 534 1706 558 1748; x_wconf 90' lang='lat' dir='ltr'><strong>in</strong></span> <span class='ocrx_word' id='word_1_199' title='bbox 572 1719 626 1748; x_wconf 91' lang='lat' dir='ltr'><strong>casu</strong></span> <span class='ocrx_word' id='word_1_200' title='bbox 640 1706 686 1748; x_wconf 90' lang='lat' dir='ltr'><strong>hoc</strong></span> <span class='ocrx_word' id='word_1_201' title='bbox 700 1717 748 1750; x_wconf 89' lang='lat' dir='ltr'><strong>non</strong></span> <span class='ocrx_word' id='word_1_202' title='bbox 763 1719 812 1749; x_wconf 87' lang='lat' dir='ltr'><strong>esse</strong></span> <span class='ocrx_word' id='word_1_203' title='bbox 827 1708 904 1748; x_wconf 88' lang='lat' dir='ltr'><strong>mate-</strong></span> 
     </span>
     <span class='ocr_line' id='line_1_24' title="bbox 54 1771 907 1826; baseline -0.001 -13"><span class='ocrx_word' id='word_1_204' title='bbox 54 1773 114 1817; x_wconf 90' lang='lat' dir='ltr'><strong>riam</strong></span> <span class='ocrx_word' id='word_1_205' title='bbox 129 1782 256 1825; x_wconf 82' lang='lat' dir='ltr'><strong>congruam</strong></span> <span class='ocrx_word' id='word_1_206' title='bbox 270 1771 338 1820; x_wconf 78' lang='lat' dir='ltr'><strong>voti;</strong></span> <span class='ocrx_word' id='word_1_207' title='bbox 355 1775 379 1813; x_wconf 89' lang='lat' dir='ltr'><strong>et</strong></span> <span class='ocrx_word' id='word_1_208' title='bbox 393 1772 446 1813; x_wconf 91' lang='lat' dir='ltr'><strong>ideo</strong></span> <span class='ocrx_word' id='word_1_209' title='bbox 462 1784 516 1816; x_wconf 90' lang='lat' dir='ltr'><strong>cum</strong></span> <span class='ocrx_word' id='word_1_210' title='bbox 530 1772 649 1826; x_wconf 89' lang='lat' dir='ltr'><strong>praelatus</strong></span> <span class='ocrx_word' id='word_1_211' title='bbox 665 1772 787 1826; x_wconf 87' lang='lat' dir='ltr'><strong>dispensat</strong></span> <span class='ocrx_word' id='word_1_212' title='bbox 801 1773 826 1816; x_wconf 90' lang='lat' dir='ltr'><strong>in</strong></span> <span class='ocrx_word' id='word_1_213' title='bbox 840 1775 907 1821; x_wconf 86' lang='lat' dir='ltr'><strong>voto,</strong></span> 
     </span>
     <span class='ocr_line' id='line_1_25' title="bbox 54 1838 910 1892; baseline -0.006 -8"><span class='ocrx_word' id='word_1_214' title='bbox 54 1850 102 1884; x_wconf 81' lang='lat' dir='ltr'><strong>non</strong></span> <span class='ocrx_word' id='word_1_215' title='bbox 116 1838 236 1892; x_wconf 86' lang='lat' dir='ltr'><strong>dispensat</strong></span> <span class='ocrx_word' id='word_1_216' title='bbox 248 1838 273 1882; x_wconf 88' lang='lat' dir='ltr'><strong>in</strong></span> <span class='ocrx_word' id='word_1_217' title='bbox 286 1840 412 1891; x_wconf 86' lang='lat' dir='ltr'><strong>praecepto</strong></span> <span class='ocrx_word' id='word_1_218' title='bbox 425 1838 483 1881; x_wconf 88' lang='lat' dir='ltr'><strong>iuris</strong></span> <span class='ocrx_word' id='word_1_219' title='bbox 504 1838 618 1882; x_wconf 88' lang='lat' dir='ltr'><strong>naturalis</strong></span> <span class='ocrx_word' id='word_1_220' title='bbox 629 1839 669 1881; x_wconf 84' lang='lat' dir='ltr'><strong>vel</strong></span> <span class='ocrx_word' id='word_1_221' title='bbox 683 1839 764 1888; x_wconf 86' lang='lat' dir='ltr'><strong>divini,</strong></span> <span class='ocrx_word' id='word_1_222' title='bbox 779 1840 820 1881; x_wconf 89' lang='lat' dir='ltr'><strong>sed</strong></span> <span class='ocrx_word' id='word_1_223' title='bbox 835 1839 910 1880; x_wconf 84' lang='lat' dir='ltr'><strong>deter-</strong></span> 
     </span>
     <span class='ocr_line' id='line_1_26' title="bbox 54 1903 909 1959; baseline -0.002 -11"><span class='ocrx_word' id='word_1_224' title='bbox 54 1906 130 1949; x_wconf 87' lang='lat' dir='ltr'><strong>minat</strong></span> <span class='ocrx_word' id='word_1_225' title='bbox 143 1904 168 1946; x_wconf 89' lang='lat' dir='ltr'><strong>id</strong></span> <span class='ocrx_word' id='word_1_226' title='bbox 180 1905 245 1959; x_wconf 93' lang='lat' dir='ltr'><strong>quod</strong></span> <span class='ocrx_word' id='word_1_227' title='bbox 259 1903 360 1946; x_wconf 87' lang='lat' dir='ltr'><strong>cadebat</strong></span> <span class='ocrx_word' id='word_1_228' title='bbox 373 1903 416 1947; x_wconf 89' lang='lat' dir='ltr'><strong>sub</strong></span> <span class='ocrx_word' id='word_1_229' title='bbox 431 1903 574 1957; x_wconf 76' lang='lat' dir='ltr'><strong>obligatione</strong></span> <span class='ocrx_word' id='word_1_230' title='bbox 597 1904 770 1948; x_wconf 86' lang='lat' dir='ltr'><strong>deliberationis</strong></span> <span class='ocrx_word' id='word_1_231' title='bbox 783 1906 909 1954; x_wconf 85' lang='lat' dir='ltr'><strong>humanae,</strong></span> 
     </span>
     <span class='ocr_line' id='line_1_27' title="bbox 54 1969 631 2028; baseline -0.002 -13"><span class='ocrx_word' id='word_1_232' title='bbox 54 1984 115 2028; x_wconf 88' lang='lat' dir='ltr'><strong>quae</strong></span> <span class='ocrx_word' id='word_1_233' title='bbox 131 1980 178 2016; x_wconf 89' lang='lat' dir='ltr'><strong>non</strong></span> <span class='ocrx_word' id='word_1_234' title='bbox 193 1969 275 2025; x_wconf 87' lang='lat' dir='ltr'><strong>potuit</strong></span> <span class='ocrx_word' id='word_1_235' title='bbox 290 1969 370 2015; x_wconf 86' lang='lat' dir='ltr'><strong>omnia</strong></span> <span class='ocrx_word' id='word_1_236' title='bbox 386 1969 631 2025; x_wconf 60' lang='lat' dir='ltr'><strong>circumspicerent).</strong></span> 
     </span>
    </p>
   </div>
   <div class='ocr_carea' id='block_1_3' title="bbox 58 2123 912 2292">
    <p class='ocr_par' dir='ltr' id='par_1_7' title="bbox 58 2123 912 2292">
     <span class='ocr_line' id='line_1_28' title="bbox 86 2123 911 2180; baseline 0.001 -11"><span class='ocrx_word' id='word_1_237' title='bbox 86 2134 116 2180; x_wconf 90' lang='grc'><strong>(1)</strong></span> <span class='ocrx_word' id='word_1_238' title='bbox 131 2135 172 2171; x_wconf 79' lang='lat' dir='ltr'><strong>Cir.</strong></span> <span class='ocrx_word' id='word_1_239' title='bbox 183 2143 255 2179; x_wconf 84' lang='lat' dir='ltr'><strong>supra,</strong></span> <span class='ocrx_word' id='word_1_240' title='bbox 277 2143 299 2179; x_wconf 91' lang='lat' dir='ltr'><strong>p.</strong></span> <span class='ocrx_word' id='word_1_241' title='bbox 311 2133 356 2170; x_wconf 79' lang='grc'>198.</span> <span class='ocrx_word' id='word_1_242' title='bbox 370 2133 428 2170; x_wconf 89' lang='lat' dir='ltr'><strong>Inter</strong></span> <span class='ocrx_word' id='word_1_243' title='bbox 438 2133 548 2178; x_wconf 83' lang='lat' dir='ltr'><strong>theologos</strong></span> <span class='ocrx_word' id='word_1_244' title='bbox 558 2123 581 2170; x_wconf 91' lang='lat' dir='ltr'><strong>id</strong></span> <span class='ocrx_word' id='word_1_245' title='bbox 590 2135 704 2171; x_wconf 84' lang='lat' dir='ltr'><strong>tenuerunt</strong></span> <span class='ocrx_word' id='word_1_246' title='bbox 717 2135 784 2170; x_wconf 87' lang='lat' dir='ltr'><strong>etiam</strong></span> <span class='ocrx_word' id='word_1_247' title='bbox 796 2133 911 2170; x_wconf 81' lang='lat' dir='ltr'><strong>Gulielmus</strong></span> 
     </span>
     <span class='ocr_line' id='line_1_29' title="bbox 58 2190 684 2235; baseline -0.002 -7"><span class='ocrx_word' id='word_1_248' title='bbox 58 2191 250 2233; x_wconf 87' lang='lat' dir='ltr'><strong>Altissiodorensis,</strong></span> <span class='ocrx_word' id='word_1_249' title='bbox 258 2190 360 2226; x_wconf 87' lang='lat' dir='ltr'><strong>Albertus</strong></span> <span class='ocrx_word' id='word_1_250' title='bbox 368 2190 458 2234; x_wconf 81' lang='lat' dir='ltr'><strong>Magnus</strong></span> <span class='ocrx_word' id='word_1_251' title='bbox 468 2191 489 2224; x_wconf 86' lang='lat' dir='ltr'><strong>et</strong></span> <span class='ocrx_word' id='word_1_252' title='bbox 497 2190 517 2227; x_wconf 88' lang='lat' dir='ltr'><strong>S.</strong></span> <span class='ocrx_word' id='word_1_253' title='bbox 525 2190 684 2235; x_wconf 69' lang='lat' dir='ltr'><strong>Borraxentura.</strong></span> 
     </span>
     <span class='ocr_line' id='line_1_30' title="bbox 88 2246 912 2292; baseline -0.001 -9"><span class='ocrx_word' id='word_1_254' title='bbox 88 2248 117 2292; x_wconf 83' lang='lat'><strong>(2)</strong></span> <span class='ocrx_word' id='word_1_255' title='bbox 133 2248 153 2283; x_wconf 89' lang='lat' dir='ltr'><strong>S.</strong></span> <span class='ocrx_word' id='word_1_256' title='bbox 162 2247 200 2283; x_wconf 89' lang='lat' dir='ltr'><strong>Th.</strong></span> <span class='ocrx_word' id='word_1_257' title='bbox 210 2246 239 2283; x_wconf 88' lang='lat' dir='ltr'><strong>II.</strong></span> <span class='ocrx_word' id='word_1_258' title='bbox 249 2246 277 2290; x_wconf 90' lang='lat' dir='ltr'><strong>II,</strong></span> <span class='ocrx_word' id='word_1_259' title='bbox 286 2256 306 2291; x_wconf 90' lang='lat' dir='ltr'><strong>q.</strong></span> <span class='ocrx_word' id='word_1_260' title='bbox 316 2247 348 2289; x_wconf 91' lang='lat'><strong>88,</strong></span> <span class='ocrx_word' id='word_1_261' title='bbox 356 2256 375 2283; x_wconf 88' lang='lat' dir='ltr'><strong>a.</strong></span> <span class='ocrx_word' id='word_1_262' title='bbox 385 2247 416 2283; x_wconf 88' lang='lat'><strong>10.</strong></span> <span class='ocrx_word' id='word_1_263' title='bbox 424 2247 447 2282; x_wconf 91' lang='lat' dir='ltr'><strong>in</strong></span> <span class='ocrx_word' id='word_1_264' title='bbox 455 2256 511 2291; x_wconf 87' lang='lat' dir='ltr'><strong>corp.</strong></span> <span class='ocrx_word' id='word_1_265' title='bbox 530 2260 538 2280; x_wconf 79' lang='lat' dir='ltr'><strong>r</strong></span> <span class='ocrx_word' id='word_1_266' title='bbox 547 2247 608 2282; x_wconf 91' lang='lat' dir='ltr'><strong>Unde</strong></span> <span class='ocrx_word' id='word_1_267' title='bbox 616 2248 686 2283; x_wconf 90' lang='lat' dir='ltr'><strong>minus</strong></span> <span class='ocrx_word' id='word_1_268' title='bbox 694 2249 726 2282; x_wconf 89' lang='lat' dir='ltr'><strong>est</strong></span> <span class='ocrx_word' id='word_1_269' title='bbox 733 2248 809 2283; x_wconf 91' lang='lat' dir='ltr'><strong>votum</strong></span> <span class='ocrx_word' id='word_1_270' title='bbox 818 2256 912 2283; x_wconf 89' lang='lat' dir='ltr'><strong>commu-</strong></span> 
     </span>
    </p>
   </div>
   <div class='ocr_carea' id='block_1_4' title="bbox 60 2303 983 2348">
    <p class='ocr_par' dir='ltr' id='par_1_8' title="bbox 60 2303 983 2348">
     <span class='ocr_line' id='line_1_31' title="bbox 60 2303 983 2348; baseline 0.001 -10"><span class='ocrx_word' id='word_1_271' title='bbox 60 2304 107 2347; x_wconf 81' lang='lat' dir='ltr'><strong>tare</strong></span> <span class='ocrx_word' id='word_1_272' title='bbox 115 2306 180 2348; x_wconf 84' lang='lat' dir='ltr'><strong>quam</strong></span> <span class='ocrx_word' id='word_1_273' title='bbox 188 2304 210 2339; x_wconf 91' lang='lat' dir='ltr'><strong>in</strong></span> <span class='ocrx_word' id='word_1_274' title='bbox 218 2304 270 2338; x_wconf 86' lang='lat' dir='ltr'><strong>voto</strong></span> <span class='ocrx_word' id='word_1_275' title='bbox 280 2303 403 2347; x_wconf 86' lang='lat' dir='ltr'><strong>dispensare</strong></span> <span class='ocrx_word' id='word_1_276' title='bbox 411 2316 425 2339; x_wconf 75' lang='grc'><strong>1,</strong></span> <span class='ocrx_word' id='word_1_277' title='bbox 442 2321 469 2328; x_wconf 90' lang='lat'><em>-</em></span> <span class='ocrx_word' id='word_1_278' title='bbox 476 2303 535 2339; x_wconf 86' lang='lat' dir='ltr'><strong>Nota</strong></span> <span class='ocrx_word' id='word_1_279' title='bbox 544 2304 609 2338; x_wconf 86' lang='lat' dir='ltr'><strong>etiam</strong></span> <span class='ocrx_word' id='word_1_280' title='bbox 627 2304 647 2339; x_wconf 90' lang='lat' dir='ltr'><strong>S.</strong></span> <span class='ocrx_word' id='word_1_281' title='bbox 657 2305 698 2339; x_wconf 75' lang='lat' dir='ltr'><strong>The</strong></span> <span class='ocrx_word' id='word_1_282' title='bbox 704 2313 761 2339; x_wconf 89' lang='lat' dir='ltr'><strong>mam</strong></span> <span class='ocrx_word' id='word_1_283' title='bbox 769 2304 791 2339; x_wconf 86' lang='lat' dir='ltr'><strong>in</strong></span> <span class='ocrx_word' id='word_1_284' title='bbox 802 2304 878 2340; x_wconf 84' lang='lat' dir='ltr'><strong>Comnr.</strong></span> <span class='ocrx_word' id='word_1_285' title='bbox 889 2304 911 2339; x_wconf 89' lang='lat' dir='ltr'><strong>in</strong></span> <span class='ocrx_word' id='word_1_286' title='bbox 981 2315 983 2317; x_wconf 93' lang='lat'>·</span> 
     </span>
    </p>
   </div>
   <div class='ocr_carea' id='block_1_5' title="bbox 8 2358 914 2741">
    <p class='ocr_par' dir='ltr' id='par_1_9' title="bbox 8 2358 914 2630">
     <span class='ocr_line' id='line_1_32' title="bbox 59 2358 911 2404; baseline -0.002 -10"><span class='ocrx_word' id='word_1_287' title='bbox 59 2360 165 2402; x_wconf 72' lang='lat' dir='ltr'><strong>iissent,</strong></span> <span class='ocrx_word' id='word_1_288' title='bbox 174 2360 200 2396; x_wconf 93' lang='lat' dir='ltr'><strong>D.</strong></span> <span class='ocrx_word' id='word_1_289' title='bbox 210 2359 243 2402; x_wconf 87' lang='lat'><strong>38,</strong></span> <span class='ocrx_word' id='word_1_290' title='bbox 251 2369 271 2397; x_wconf 86' lang='lat' dir='ltr'><strong>a.</strong></span> <span class='ocrx_word' id='word_1_291' title='bbox 281 2359 300 2402; x_wconf 91' lang='grc'><strong>1,</strong></span> <span class='ocrx_word' id='word_1_292' title='bbox 308 2360 350 2396; x_wconf 88' lang='lat' dir='ltr'><strong>art.</strong></span> <span class='ocrx_word' id='word_1_293' title='bbox 359 2359 379 2401; x_wconf 79' lang='lat' dir='ltr'><strong>t,</strong></span> <span class='ocrx_word' id='word_1_294' title='bbox 388 2358 425 2396; x_wconf 86' lang='lat' dir='ltr'><strong>sol,</strong></span> <span class='ocrx_word' id='word_1_295' title='bbox 436 2359 453 2395; x_wconf 92' lang='lat'><strong>1.</strong></span> <span class='ocrx_word' id='word_1_296' title='bbox 471 2359 565 2394; x_wconf 87' lang='lat' dir='ltr'><strong>breviter</strong></span> <span class='ocrx_word' id='word_1_297' title='bbox 583 2369 688 2404; x_wconf 81' lang='lat' dir='ltr'><strong>exponere</strong></span> <span class='ocrx_word' id='word_1_298' title='bbox 703 2360 774 2395; x_wconf 78' lang='lat' dir='ltr'><strong>uarias</strong></span> <span class='ocrx_word' id='word_1_299' title='bbox 794 2360 911 2404; x_wconf 87' lang='lat' dir='ltr'><strong>opiniones,</strong></span> 
     </span>
     <span class='ocr_line' id='line_1_33' title="bbox 8 2416 912 2461; baseline 0.002 -10"><span class='ocrx_word' id='word_1_300' title='bbox 8 2425 12 2432; x_wconf 80' lang='grc'>’</span> <span class='ocrx_word' id='word_1_301' title='bbox 60 2424 114 2461; x_wconf 86' lang='lat' dir='ltr'><strong>quae</strong></span> <span class='ocrx_word' id='word_1_302' title='bbox 123 2416 181 2460; x_wconf 88' lang='lat' dir='ltr'><strong>apud</strong></span> <span class='ocrx_word' id='word_1_303' title='bbox 188 2417 288 2454; x_wconf 84' lang='lat' dir='ltr'><strong>auctores</strong></span> <span class='ocrx_word' id='word_1_304' title='bbox 296 2417 413 2453; x_wconf 77' lang='lat' dir='ltr'><strong>anteriores</strong></span> <span class='ocrx_word' id='word_1_305' title='bbox 422 2416 445 2449; x_wconf 89' lang='lat' dir='ltr'><strong>et</strong></span> <span class='ocrx_word' id='word_1_306' title='bbox 452 2416 578 2460; x_wconf 83' lang='lat' dir='ltr'><strong>praesertim</strong></span> <span class='ocrx_word' id='word_1_307' title='bbox 587 2417 708 2453; x_wconf 83' lang='lat' dir='ltr'><strong>canonistas</strong></span> <span class='ocrx_word' id='word_1_308' title='bbox 717 2417 848 2451; x_wconf 87' lang='lat' dir='ltr'><strong>exstiterunt</strong></span> <span class='ocrx_word' id='word_1_309' title='bbox 857 2418 912 2453; x_wconf 84' lang='lat' dir='ltr'><strong>circa</strong></span> 
     </span>
     <span class='ocr_line' id='line_1_34' title="bbox 19 2472 911 2516; baseline 0.001 -9"><span class='ocrx_word' id='word_1_310' title='bbox 19 2476 21 2478; x_wconf 74' lang='grc'><strong><em>’</em></strong></span> <span class='ocrx_word' id='word_1_311' title='bbox 59 2472 240 2516; x_wconf 84' lang='lat' dir='ltr'><strong>dispensationem</strong></span> <span class='ocrx_word' id='word_1_312' title='bbox 248 2473 296 2506; x_wconf 84' lang='lat' dir='ltr'><strong>tum</strong></span> <span class='ocrx_word' id='word_1_313' title='bbox 304 2472 327 2506; x_wconf 89' lang='lat' dir='ltr'><strong>in</strong></span> <span class='ocrx_word' id='word_1_314' title='bbox 334 2473 386 2507; x_wconf 83' lang='lat' dir='ltr'><strong>voto</strong></span> <span class='ocrx_word' id='word_1_315' title='bbox 395 2472 417 2506; x_wconf 90' lang='lat' dir='ltr'><strong>in</strong></span> <span class='ocrx_word' id='word_1_316' title='bbox 425 2479 501 2515; x_wconf 82' lang='lat' dir='ltr'><strong>genere</strong></span> <span class='ocrx_word' id='word_1_317' title='bbox 510 2473 603 2516; x_wconf 89' lang='lat' dir='ltr'><strong>sumpto,</strong></span> <span class='ocrx_word' id='word_1_318' title='bbox 612 2473 658 2507; x_wconf 92' lang='lat' dir='ltr'><strong>tum</strong></span> <span class='ocrx_word' id='word_1_319' title='bbox 667 2473 689 2508; x_wconf 92' lang='lat' dir='ltr'><strong>in</strong></span> <span class='ocrx_word' id='word_1_320' title='bbox 697 2474 748 2508; x_wconf 89' lang='lat' dir='ltr'><strong>voto</strong></span> <span class='ocrx_word' id='word_1_321' title='bbox 759 2473 911 2508; x_wconf 84' lang='lat' dir='ltr'><strong>continentiae.</strong></span> 
     </span>
     <span class='ocr_line' id='line_1_35' title="bbox 48 2527 910 2572; baseline 0.003 -12"><span class='ocrx_word' id='word_1_322' title='bbox 48 2543 67 2560; x_wconf 63' lang='grc' dir='ltr'><strong>μ</strong></span> <span class='ocrx_word' id='word_1_323' title='bbox 85 2527 114 2572; x_wconf 81' lang='grc'><strong>(3)</strong></span> <span class='ocrx_word' id='word_1_324' title='bbox 129 2528 150 2564; x_wconf 87' lang='lat' dir='ltr'>S.</span> <span class='ocrx_word' id='word_1_325' title='bbox 161 2528 199 2564; x_wconf 86' lang='lat' dir='ltr'><strong>Th.</strong></span> <span class='ocrx_word' id='word_1_326' title='bbox 212 2527 240 2565; x_wconf 89' lang='lat' dir='ltr'><strong>II.</strong></span> <span class='ocrx_word' id='word_1_327' title='bbox 253 2527 281 2571; x_wconf 86' lang='lat' dir='ltr'><strong>H,</strong></span> <span class='ocrx_word' id='word_1_328' title='bbox 291 2538 312 2572; x_wconf 82' lang='lat' dir='ltr'><strong>q.</strong></span> <span class='ocrx_word' id='word_1_329' title='bbox 323 2527 356 2570; x_wconf 89' lang='lat'><strong>88,</strong></span> <span class='ocrx_word' id='word_1_330' title='bbox 366 2537 385 2563; x_wconf 89' lang='lat' dir='ltr'><strong>a.</strong></span> <span class='ocrx_word' id='word_1_331' title='bbox 397 2527 429 2570; x_wconf 84' lang='lat'><strong>12,</strong></span> <span class='ocrx_word' id='word_1_332' title='bbox 440 2528 468 2563; x_wconf 89' lang='lat' dir='ltr'><strong>ad</strong></span> <span class='ocrx_word' id='word_1_333' title='bbox 477 2528 556 2564; x_wconf 61' lang='lat' dir='ltr'><strong>2m.—‘-</strong></span> <span class='ocrx_word' id='word_1_334' title='bbox 573 2528 593 2564; x_wconf 87' lang='lat' dir='ltr'><strong>S.</strong></span> <span class='ocrx_word' id='word_1_335' title='bbox 605 2528 696 2565; x_wconf 89' lang='lat' dir='ltr'><strong>Thomas</strong></span> <span class='ocrx_word' id='word_1_336' title='bbox 717 2529 864 2564; x_wconf 87' lang='lat' dir='ltr'><strong>eodemmodo</strong></span> <span class='ocrx_word' id='word_1_337' title='bbox 875 2537 910 2563; x_wconf 83' lang='lat' dir='ltr'><strong>ex·</strong></span> 
     </span>
     <span class='ocr_line' id='line_1_36' title="bbox 57 2583 914 2630; baseline 0 -12"><span class='ocrx_word' id='word_1_338' title='bbox 57 2583 125 2630; x_wconf 85' lang='lat' dir='ltr'><strong>plicat</strong></span> <span class='ocrx_word' id='word_1_339' title='bbox 136 2584 317 2629; x_wconf 84' lang='lat' dir='ltr'><strong>dispensationem</strong></span> <span class='ocrx_word' id='word_1_340' title='bbox 327 2584 350 2619; x_wconf 91' lang='lat' dir='ltr'><strong>in</strong></span> <span class='ocrx_word' id='word_1_341' title='bbox 360 2584 490 2627; x_wconf 86' lang='lat' dir='ltr'><strong>iuramento,</strong></span> <span class='ocrx_word' id='word_1_342' title='bbox 502 2584 528 2620; x_wconf 84' lang='lat' dir='ltr'><strong>ct.</strong></span> <span class='ocrx_word' id='word_1_343' title='bbox 543 2583 571 2619; x_wconf 89' lang='lat' dir='ltr'><strong>ll.</strong></span> <span class='ocrx_word' id='word_1_344' title='bbox 585 2584 612 2626; x_wconf 84' lang='grc' dir='ltr'><strong>ΙΙ,</strong></span> <span class='ocrx_word' id='word_1_345' title='bbox 626 2595 645 2629; x_wconf 89' lang='lat' dir='ltr'><strong>q.</strong></span> <span class='ocrx_word' id='word_1_346' title='bbox 659 2585 691 2627; x_wconf 81' lang='grc'><strong>89,</strong></span> <span class='ocrx_word' id='word_1_347' title='bbox 703 2586 744 2621; x_wconf 89' lang='lat' dir='ltr'><strong>art.</strong></span> <span class='ocrx_word' id='word_1_348' title='bbox 757 2585 776 2627; x_wconf 80' lang='lat'><strong>9,</strong></span> <span class='ocrx_word' id='word_1_349' title='bbox 787 2586 809 2619; x_wconf 90' lang='lat' dir='ltr'><strong>in</strong></span> <span class='ocrx_word' id='word_1_350' title='bbox 822 2594 878 2629; x_wconf 86' lang='lat' dir='ltr'><strong>corp.</strong></span> <span class='ocrx_word' id='word_1_351' title='bbox 891 2586 914 2619; x_wconf 90' lang='lat' dir='ltr'><strong>et</strong></span> 
     </span>
    </p>

    <p class='ocr_par' dir='ltr' id='par_1_10' title="bbox 56 2638 910 2741">
     <span class='ocr_line' id='line_1_37' title="bbox 56 2638 589 2676; baseline -0.002 -1"><span class='ocrx_word' id='word_1_352' title='bbox 56 2641 85 2676; x_wconf 89' lang='lat' dir='ltr'><strong>ad</strong></span> <span class='ocrx_word' id='word_1_353' title='bbox 101 2640 141 2676; x_wconf 88' lang='lat' dir='ltr'><strong>1m.</strong></span> <span class='ocrx_word' id='word_1_354' title='bbox 430 2655 433 2658; x_wconf 54' lang='lat'><em>&gt;</em></span> <span class='ocrx_word' id='word_1_355' title='bbox 587 2638 589 2641; x_wconf 53' lang='lat'><em>⁴</em></span> 
     </span>
     <span class='ocr_line' id='line_1_38' title="bbox 84 2695 910 2741; baseline -0.001 -11"><span class='ocrx_word' id='word_1_356' title='bbox 84 2695 115 2741; x_wconf 85' lang='grc'><strong>(4)</strong></span> <span class='ocrx_word' id='word_1_357' title='bbox 131 2695 192 2739; x_wconf 73' lang='lat' dir='ltr'><strong>ltin,</strong></span> <span class='ocrx_word' id='word_1_358' title='bbox 206 2698 246 2733; x_wconf 86' lang='lat' dir='ltr'><strong>art.</strong></span> <span class='ocrx_word' id='word_1_359' title='bbox 262 2696 294 2732; x_wconf 83' lang='lat'><strong>10.</strong></span> <span class='ocrx_word' id='word_1_360' title='bbox 308 2714 335 2720; x_wconf 87' lang='lat'><strong>—-</strong></span> <span class='ocrx_word' id='word_1_361' title='bbox 349 2695 402 2731; x_wconf 89' lang='lat' dir='ltr'><strong>Inde</strong></span> <span class='ocrx_word' id='word_1_362' title='bbox 415 2696 507 2740; x_wconf 82' lang='lat' dir='ltr'><strong>apparet</strong></span> <span class='ocrx_word' id='word_1_363' title='bbox 520 2696 641 2731; x_wconf 78' lang='lat' dir='ltr'><strong>differentia</strong></span> <span class='ocrx_word' id='word_1_364' title='bbox 654 2696 752 2731; x_wconf 89' lang='lat' dir='ltr'><strong>methodi</strong></span> <span class='ocrx_word' id='word_1_365' title='bbox 765 2697 787 2730; x_wconf 88' lang='lat' dir='ltr'><strong>et</strong></span> <span class='ocrx_word' id='word_1_366' title='bbox 800 2696 910 2731; x_wconf 89' lang='lat' dir='ltr'><strong>doctrinae</strong></span> 
     </span>
    </p>
   </div>
   <div class='ocr_carea' id='block_1_6' title="bbox 59 2750 963 2796">
    <p class='ocr_par' dir='ltr' id='par_1_11' title="bbox 59 2750 963 2796">
     <span class='ocr_line' id='line_1_39' title="bbox 59 2750 963 2796; baseline -0.002 -8"><span class='ocrx_word' id='word_1_367' title='bbox 59 2753 180 2788; x_wconf 84' lang='lat' dir='ltr'><strong>canonistas</strong></span> <span class='ocrx_word' id='word_1_368' title='bbox 191 2753 248 2788; x_wconf 88' lang='lat' dir='ltr'><strong>inter</strong></span> <span class='ocrx_word' id='word_1_369' title='bbox 259 2753 281 2787; x_wconf 91' lang='lat' dir='ltr'><strong>et</strong></span> <span class='ocrx_word' id='word_1_370' title='bbox 292 2750 408 2796; x_wconf 81' lang='lat' dir='ltr'><strong>theologos.</strong></span> <span class='ocrx_word' id='word_1_371' title='bbox 422 2752 549 2788; x_wconf 82' lang='lat' dir='ltr'><strong>Canouistae</strong></span> <span class='ocrx_word' id='word_1_372' title='bbox 561 2753 623 2795; x_wconf 84' lang='lat' dir='ltr'><strong>enirn,</strong></span> <span class='ocrx_word' id='word_1_373' title='bbox 634 2753 733 2788; x_wconf 84' lang='lat' dir='ltr'><strong>videntes</strong></span> <span class='ocrx_word' id='word_1_374' title='bbox 744 2753 770 2789; x_wconf 88' lang='lat' dir='ltr'><strong>R.</strong></span> <span class='ocrx_word' id='word_1_375' title='bbox 783 2752 912 2788; x_wconf 72' lang='lat' dir='ltr'><strong>Pontificem</strong></span> <span class='ocrx_word' id='word_1_376' title='bbox 961 2753 963 2755; x_wconf 82' lang='grc'><strong>’</strong></span> 
     </span>
    </p>
   </div>
   <div class='ocr_carea' id='block_1_7' title="bbox 21 2808 911 2965">
    <p class='ocr_par' dir='ltr' id='par_1_12' title="bbox 21 2808 911 2965">
     <span class='ocr_line' id='line_1_40' title="bbox 21 2808 911 2853; baseline 0.004 -12"><span class='ocrx_word' id='word_1_377' title='bbox 21 2828 30 2841; x_wconf 26' lang='grc'><strong>,1</strong></span> <span class='ocrx_word' id='word_1_378' title='bbox 48 2816 53 2830; x_wconf 67' lang='lat'>1</span> <span class='ocrx_word' id='word_1_379' title='bbox 61 2808 181 2853; x_wconf 83' lang='lat' dir='ltr'><strong>dispensare</strong></span> <span class='ocrx_word' id='word_1_380' title='bbox 190 2809 212 2845; x_wconf 92' lang='lat' dir='ltr'><strong>in</strong></span> <span class='ocrx_word' id='word_1_381' title='bbox 221 2809 283 2851; x_wconf 88' lang='lat' dir='ltr'><strong>votis,</strong></span> <span class='ocrx_word' id='word_1_382' title='bbox 296 2809 406 2843; x_wconf 90' lang='lat' dir='ltr'><strong>deducunt</strong></span> <span class='ocrx_word' id='word_1_383' title='bbox 415 2818 419 2843; x_wconf 88' lang='lat'>:</span> <span class='ocrx_word' id='word_1_384' title='bbox 430 2816 477 2852; x_wconf 81' lang='lat' dir='ltr'><strong>ergo</strong></span> <span class='ocrx_word' id='word_1_385' title='bbox 488 2809 509 2842; x_wconf 87' lang='grc'><strong>61</strong></span> <span class='ocrx_word' id='word_1_386' title='bbox 517 2809 539 2845; x_wconf 90' lang='lat' dir='ltr'><strong>in</strong></span> <span class='ocrx_word' id='word_1_387' title='bbox 547 2808 591 2843; x_wconf 91' lang='lat' dir='ltr'><strong>iure</strong></span> <span class='ocrx_word' id='word_1_388' title='bbox 601 2808 692 2846; x_wconf 81' lang='lat' dir='ltr'><strong>naturali</strong></span> <span class='ocrx_word' id='word_1_389' title='bbox 701 2810 774 2853; x_wconf 85' lang='lat' dir='ltr'><strong>potest</strong></span> <span class='ocrx_word' id='word_1_390' title='bbox 783 2809 911 2853; x_wconf 68' lang='lat' dir='ltr'><strong>dispensare.</strong></span> 
     </span>
     <span class='ocr_line' id='line_1_41' title="bbox 60 2864 911 2909; baseline -0.001 -9"><span class='ocrx_word' id='word_1_391' title='bbox 60 2865 80 2900; x_wconf 89' lang='lat' dir='ltr'><strong>S.</strong></span> <span class='ocrx_word' id='word_1_392' title='bbox 98 2865 190 2903; x_wconf 86' lang='lat' dir='ltr'><strong>Thomas</strong></span> <span class='ocrx_word' id='word_1_393' title='bbox 208 2866 289 2907; x_wconf 87' lang='lat' dir='ltr'><strong>contra,</strong></span> <span class='ocrx_word' id='word_1_394' title='bbox 305 2864 400 2909; x_wconf 86' lang='lat' dir='ltr'><strong>praecise</strong></span> <span class='ocrx_word' id='word_1_395' title='bbox 417 2865 527 2902; x_wconf 81' lang='lat' dir='ltr'><strong>examinat</strong></span> <span class='ocrx_word' id='word_1_396' title='bbox 544 2866 616 2900; x_wconf 86' lang='lat' dir='ltr'><strong>utrum</strong></span> <span class='ocrx_word' id='word_1_397' title='bbox 633 2864 734 2901; x_wconf 82' lang='lat' dir='ltr'><strong>soluendo</strong></span> <span class='ocrx_word' id='word_1_398' title='bbox 751 2866 868 2900; x_wconf 80' lang='lat' dir='ltr'><strong>uouentem</strong></span> <span class='ocrx_word' id='word_1_399' title='bbox 885 2865 911 2899; x_wconf 88' lang='lat' dir='ltr'><strong>ab</strong></span> 
     </span>
     <span class='ocr_line' id='line_1_42' title="bbox 57 2920 911 2965; baseline 0 -9"><span class='ocrx_word' id='word_1_400' title='bbox 57 2920 192 2965; x_wconf 80' lang='lat' dir='ltr'><strong>obligatione,</strong></span> <span class='ocrx_word' id='word_1_401' title='bbox 204 2922 231 2957; x_wconf 87' lang='lat' dir='ltr'><strong>R.</strong></span> <span class='ocrx_word' id='word_1_402' title='bbox 243 2921 345 2956; x_wconf 77' lang='lat' dir='ltr'><strong>Pontifex</strong></span> <span class='ocrx_word' id='word_1_403' title='bbox 356 2920 440 2965; x_wconf 88' lang='lat' dir='ltr'><strong>aliquid</strong></span> <span class='ocrx_word' id='word_1_404' title='bbox 449 2921 518 2958; x_wconf 79' lang='lat' dir='ltr'><strong>faciat</strong></span> <span class='ocrx_word' id='word_1_405' title='bbox 529 2922 645 2958; x_wconf 83' lang='lat' dir='ltr'><strong>contraius</strong></span> <span class='ocrx_word' id='word_1_406' title='bbox 656 2920 760 2960; x_wconf 85' lang='lat' dir='ltr'><strong>naturale.</strong></span> <span class='ocrx_word' id='word_1_407' title='bbox 771 2938 798 2946; x_wconf 76' lang='lat'><strong>—-</strong></span> <span class='ocrx_word' id='word_1_408' title='bbox 810 2922 911 2964; x_wconf 79' lang='lat' dir='ltr'><strong>Quaestio</strong></span> 
     </span>
    </p>
   </div>
   <div class='ocr_carea' id='block_1_8' title="bbox 0 0 1074 3277">
    <p class='ocr_par' dir='ltr' id='par_1_13' title="bbox 0 0 1074 3277">
     <span class='ocr_line' id='line_1_43' title="bbox 0 0 1074 3277; baseline 0 1"><span class='ocrx_word' id='word_1_409' title='bbox 0 0 1074 3277; x_wconf 95' lang='lat' dir='ltr'><strong> </strong></span> 
     </span>
    </p>
   </div>
  </div>
 </body>
</html>
