2182 3277
130 219 157 268 96
225 228 227 230 ’
294 232 328 269 DE
344 224 864 269 0100000001001000000000οο001οΤ0,

126 346 253 391 Gratianus
264 345 346 387 docuit
357 345 491 394 Decretales
503 347 615 399 epistolas
626 346 756 391 canonibus
767 345 919 390 conciliorum
930 344 981 398 pari

124 413 175 454 iure
186 411 312 465 exaequari
324 411 364 465 (1),
377 414 401 453 et
412 424 513 455 canones
525 413 583 456 alios
594 426 642 455 esse
654 414 748 455 decreta
758 411 911 461 Pontificum,
924 411 981 453 alios

127 481 219 520 statuta
240 476 391 521 conciliorum
403 477 443 532 (2).
468 479 553 519 Auctor
574 478 761 533 dispensationis
782 482 817 520 est
837 478 875 527 ille
895 478 989 537 «cuius

126 545 258 596 interest»,
272 543 370 604 ulterius
383 547 464 588 tamen
478 557 525 589 non
540 546 682 590 determinat
696 545 800 589 Rufinus
814 544 924 598 quisnam
937 545 979 586 ha.-

125 610 181 652 beat
190 611 251 653 hanc
261 609 436 653 auctoritatem.
447 610 574 667 Derogatio
584 612 624 652 illa
634 604 769 665 nonpotest
779 611 831 653 lieri
840 623 882 664 pro
893 609 979 669 lubitu,

125 677 165 718 sed
182 676 245 717 insin
259 688 328 717 causo
341 677 502 731 praecipiente.
518 677 594 720 Debet
609 691 657 720 esse
674 676 917 731 derogatiocusuelis,
932 689 979 720 non
1024 674 1025 679 ’

76 767 78 769 -
127 742 256 796 generalis:
270 743 401 796 generalem
416 747 496 786 autem
509 747 587 793 vocat,
603 746 649 797 qua
663 743 739 786 lexin
752 747 803 786 1010
817 743 856 785 vel
869 756 898 785 ex
911 746 979 797 parte

126 808 231 852 aufertur
242 822 283 863 pro
296 809 472 859 communitate,
486 811 609 858 casualem,
622 823 669 864 qua
680 810 737 863 legis
749 810 860 863 obligatio
873 809 980 853 aufertur

79 873 81 876 ’
125 885 166 929 pro
179 875 248 917 certis
259 874 369 929 personis,
391 875 461 917 rebus
480 875 518 916 rel
538 869 729 924 circumstantiis,
742 876 769 917 de
781 888 836 918 casu
847 876 877 918 ad
889 887 976 923 casum,

125 944 260 984 remanente
272 942 322 993 lege
334 941 358 983 in
370 940 450 994 vigore
463 949 504 994 pro
519 942 571 983 aliis
584 942 675 984 casibus
689 941 786 994 allisque
798 941 902 994 personis
914 940 954 994 (3).
1006 985 1019 989 NJ
1064 955 1067 959 ·
1081 965 1083 968 -

155 1006 206 1049 Hac
227 1006 364 1051 delinitione
384 1006 481 1060 proinde
503 1006 613 1053 Rufinus,
632 1008 741 1059 recedens
761 1006 790 1050 ab
811 1020 855 1048 usu
875 1011 977 1060 recepto,

124 1073 200 1128 prima
211 1073 262 1116 vice
274 1073 376 1116 formula
386 1073 486 1115 iuridica
498 1073 667 1127 interpretatus
681 1077 717 1116 est
728 1073 821 1128 praxim
838 1074 886 1117 iam
903 1088 917 1117 a
929 1074 978 1118 lon-

126 1151 154 1193 go
170 1144 276 1194 tempore
292 1139 432 1183 existentem
448 1140 570 1184 relaxandi
585 1141 646 1194 leges
659 1140 685 1182 in
702 1153 755 1183 casu
771 1136 916 1194 particulari.

153 1206 174 1248 3.
193 1206 220 1251 10
235 1207 317 1248 eodem
332 1208 438 1248 tractatu
452 1206 551 1248 ulterius
566 1206 668 1260 explieat
683 1207 803 1251 notionem
819 1199 909 1256 datam,
925 1218 977 1250 eam

128 1273 267 1327 opponendo
284 1272 375 1314 notioni
390 1272 595 1325 prneiudieuiionr's
613 1272 750 1327 1001001100
765 1276 801 1314 est
816 1271 905 1315 ablatio
921 1272 977 1327 legis
1008 1328 1009 1331 Ἴ

126 1352 167 1394 per
179 1340 254 1392 legem
266 1339 306 1381 vel
319 1339 513 1384 consuetudinem
528 1340 676 1389 contrariam,
690 1340 726 1393 ita
739 1343 766 1381 ut
778 1340 829 1392 ipsa
842 1340 922 1392 regula
936 1353 976 1381 seu

124 1418 207 1451 norma
222 1404 306 1458 agendi
321 1405 438 1447 objectiva
453 1405 560 1448 totaliter
573 1406 611 1448 vel
625 1406 713 1460 partim
729 1406 865 1454 auferatur3
881 1406 938 1448 dum
952 1406 976 1447 in

124 1472 300 1526 dispensatione
312 1483 358 1516 non
369 1472 414 1521 lex,
427 1473 468 1514 sed
481 1472 529 1514 eius
541 1472 577 1514 vis
590 1472 730 1525 obligatoria
741 1475 835 1516 tantum
849 1472 975 1515 casualiter

123 1538 281 1592 suspenditur.
305 1537 400 1591 Ericipit
421 1538 519 1591 proinde
541 1552 554 1581 a
575 1538 670 1582 notione
692 1538 873 1591 dispensationis
894 1550 975 1581 omnes

122 1617 196 1653 casus,
205 1603 229 1647 10
238 1603 325 1658 quibus
332 1604 369 1645 lex
376 1604 522 1656 generaliter,
532 1605 581 1646 sive
588 1604 613 1647 in
620 1608 680 1653 toto,
696 1604 776 1647 sivein
784 1607 851 1657 parte
859 1606 973 1653 mutatur,

124 1672 229 1725 adeoque
246 1670 288 1712 sub
307 1670 400 1714 nomine
417 1669 598 1723 dispensationis
615 1682 662 1714 non
679 1664 843 1724 complectitur
860 1670 972 1723 sivelegis

123 1736 305 1790 derogationem,
320 1748 366 1791 qua
378 1748 432 1789 pars
445 1735 489 1788 legi
503 1737 641 1785 detrahitur,
655 1737 705 1778 sive
717 1735 772 1789 legis
786 1735 971 1789 abrogationem,

121 1816 168 1858 qua
177 1803 216 1845 lex
225 1802 336 1850 aufertur,
348 1802 396 1844 sive
405 1802 461 1855 legis
471 1802 655 1856 obrogationem,
667 1816 714 1857 qua
723 1815 770 1845 una
779 1805 848 1856 parte
857 1803 972 1852 detracta,

118 1869 164 1912 alia
180 1869 200 1910 ei
216 1867 324 1911 adicitur.
341 1865 399 1911 Eam
415 1868 488 1910 etiam
504 1868 614 1911 discernit
630 1868 658 1911 ab
676 1868 819 1909 excusatione
837 1869 923 1922 alege,
946 1868 971 1911 in

119 1949 166 1992 qua
176 1948 223 1980 non
234 1935 356 1979 vinculum
367 1934 424 1988 legis
434 1934 561 1984 relaxatur,
574 1936 614 1978 sed
626 1935 788 1978 doctrinaliter
800 1934 971 1989 determinatur

117 2014 199 2049 casum
209 2001 336 2056 quemdam
345 2001 388 2043 sub
398 2002 447 2054 lege
457 2014 504 2046 non
514 2002 680 2055 comprehendi
691 2015 696 2050 ;
707 2002 794 2044 etenim
803 2002 913 2056 quamvis
923 2002 971 2043 dis-

92 2057 95 2064 *
116 2061 285 2122 ‘pensationem
301 2066 381 2121 inlege
397 2066 501 2111 naturali
518 2067 607 2117 reiciat,
625 2067 778 2112 nihilominus
794 2067 975 2111 exeusationem
1029 2120 1034 2123 .‚

58 2182 59 2185 ,
118 2135 147 2178 ab
158 2134 223 2176 illius
233 2133 370 2187 impletione
383 2133 478 2177 omnino
492 2134 600 2183 admittit
611 2133 651 2187 (4).

147 2200 201 2244 Non
211 2200 317 2242 excludit
325 2202 405 2242 tamen
416 2199 444 2242 ab
454 2198 495 2242 1110
504 2200 601 2244 0011000
610 2199 768 2253 priuileciurn
783 2199 901 2253 siquidem
909 2200 974 2243 iden-

84 2284 86 2287 ’
115 2266 195 2314 1111001
208 2266 356 2320 privilegium
370 2265 469 2319 speciale
483 2277 536 2308 cum
550 2266 732 2319 dispensatione.
747 2264 840 2324 Dividit
853 2265 915 2309 enim
928 2267 974 2319 pri-

114 2333 201 2387 vilegia
212 2333 237 2376 in
249 2331 367 2384 generalia
379 2335 403 2373 01
416 2331 535 2385 specialia.
551 2331 673 2376 Generalia
686 2335 742 2376 sunt
753 2332 799 2386 ipsi
812 2348 820 2369 r
830 2344 891 2385 quae
903 2342 972 2385 gene-

114 2400 196 2443 raliter
212 2398 323 2442 omnibus
338 2397 439 2440 ecclesiis
454 2397 492 2439 vel
507 2398 655 2445 ecclesiarum
669 2398 774 2452 personis
790 2412 803 2441 a
818 2398 913 2441 Sanctis
929 2396 973 2441 Pa·
1029 2414 1030 2417 ¹

72 2519 74 2525 .
114 2466 192 2508 tribus
205 2465 230 2510 in
246 2464 382 2515 canonibus,
399 2468 422 2507 et
438 2479 458 2512 a,
467 2464 668 2517 eluistianissimis
683 2465 829 2521 principibus
843 2465 868 2508 10
882 2464 973 2518 legibus

72 2525 73 2529 ’
115 2532 210 2576 indulta
223 2535 303 2575 sunt...
322 2530 438 2585 Specialia
451 2535 507 2575 sunt
522 2544 581 2585 quae
595 2531 664 2573 hodie
679 2532 810 2585 specialiter
825 2534 849 2573 et
862 2531 972 2576 determi-

145 2715 176 2760 (1)
192 2689 248 2751 010.
259 2716 318 2751 orae.
328 2725 347 2753 a.
357 2724 374 2751 c.
385 2715 404 2758 1,
414 2714 440 2750 n.
453 2713 491 2751 rx.
837 2739 839 2743 ι

143 2771 174 2814 (2)
188 2771 245 2807 Dict.
256 2772 315 2809 Grat.
325 2781 346 2816 p.
357 2781 374 2806 c.
385 2771 404 2813 2,
414 2771 441 2805 D.
454 2771 494 2813 III,
505 2771 527 2804 et
537 2772 586 2807 diet.
597 2781 616 2809 a.
628 2781 644 2807 0.
656 2772 675 2814 1,
686 2771 712 2806 D.
725 2771 764 2807 ΙΙΙ,
783 2771 875 2821 Proinde
884 2781 927 2807 non
937 2772 970 2805 est

114 2829 266 2863 recurrendum
277 2828 305 2865 ad
315 2829 389 2862 textus
400 2827 527 2873 posteriores
540 2828 642 2873 Stephani
653 2829 792 2865 Tornacensis
803 2828 831 2862 ad
843 2827 864 2862 id
876 2829 969 2872 proban-

115 2884 398 2926 (1010011001180100000,
409 2884 448 2919 ari.
460 2883 503 2926 cit,
513 2893 534 2928 p.
547 2884 578 2920 97.

142 2938 174 2984 (3)
190 2938 280 2982 810000,
291 2948 308 2975 o.
320 2948 343 2982 c.,
353 2950 374 2984 p.
385 2939 431 2975 235.

142 2995 173 3042 (4)
187 2994 222 3031 Ad
230 2995 250 3032 G.
260 2995 277 3038 I,
285 3004 305 3039 q.
313 2995 332 3038 7,
341 2995 458 3038 8010000.
467 3004 491 3038 c.,
498 3004 520 3039 p.
528 2995 574 3030 234.
