2139 3277
258 214 290 244 nu
306 197 384 244 eausa
399 214 429 243 Er
445 212 591 243 eruscrrssus
607 211 823 242 ursanusarrouuu
931 197 974 241 117
1016 237 1017 240 ,

21 313 22 316 ¹
65 373 67 375 .
128 324 199 366 initas
210 322 312 364 rei.·Hoc
324 326 405 377 autem
414 324 441 363 ut
452 322 547 375 planum
554 321 671 380 ,faciamus
683 322 810 375 exemplis:
822 324 860 363 tot
870 321 968 363 fuerunt

126 390 167 437 illi,
180 389 220 442 qni
230 403 243 431 a
252 389 343 431 Bonoso
350 388 467 431 haeretico
474 388 568 430 fuerunt
575 389 678 431 ordinati
688 390 757 443 quod,
770 389 814 430 nisi
820 389 845 430 in
852 388 900 430 suis
908 387 974 429 ordi*

128 446 196 498 nibus
204 469 242 497 eos
251 455 353 497 Ecclesia
360 454 464 508 recipiat,
473 453 617 496 intolerabile
625 454 653 496 ob
661 455 685 496 id
694 456 829 498 scandalum
837 456 965 509 pateretur.

129 522 160 563 Et
172 522 223 563 ideo
238 521 281 564 hac
295 521 432 563 necessitate
445 521 558 563 suadente
572 520 732 573 dispensatum
746 525 787 569 est,
802 525 829 563 ut
841 519 967 563 Bonosiani

128 588 157 631 ab
169 588 257 631 haeresi
267 589 390 629 redeuntes
401 587 425 629 in
436 586 485 629 suis
497 585 617 628 ordinibus
629 586 776 629 haberentur.
788 587 821 628 Et
832 588 875 630 hoc
886 589 967 629 contra

79 668 80 671 ¹
126 644 224 708 rigorem
238 654 339 696 canonis.
367 653 426 694 item
441 653 484 693 11111
498 653 645 703 sacerdotum
660 666 689 694 ex
703 653 778 708 rigore
793 666 908 696 canonum
921 665 968 694 non

98 714 100 716 ’
126 714 224 774 possunt
239 721 267 762 ad
282 732 358 762 sacros
372 714 619 772 ordines'promoven,
635 722 714 761 tamen
729 720 784 772 quia
797 720 842 761 iste
855 719 924 766 iilius,
933 732 968 761 sa-

105 827 107 829 .
126 787 225 829 cerdotis
236 786 339 839 optimus
350 788 385 827 est
395 785 492 827 scientia
503 788 526 826 et
536 778 647 832 moribus,
659 786 714 827 huic
724 786 801 827 ecclesi
806 799 839 835 ae,
852 786 870 827 si
880 797 972 839 promo-

71 854 74 860 '
91 885 94 888 .
125 856 215 901 reatus,
230 853 274 908 erit
286 852 431 900 utilissimus,
448 852 492 894 hac
512 851 619 893 utilitate
634 854 776 904 suggerente
790 852 878 905 pottrit
893 853 921 894 ad
936 864 971 893 sa-

125 932 175 962 cros
187 920 277 962 ordines
288 918 392 972 provehi.
406 917 463 961 Cum
475 922 554 960 autem
566 918 692 961 enormitas
705 931 815 972 personae
835 919 872 960 vel
884 918 916 960 rei
926 913 967 958 ue-

124 989 162 1028 tat
172 985 368 1039 dispensationem
376 976 435 1031 lieri,
445 987 502 1025 tunc
511 983 584 1036 magis
593 983 629 1025 his
640 984 730 1026 duobus
740 984 909 1027 obsistentibus
919 985 965 1026 dis-

103 1044 229 1107 pensatio
245 1050 413 1098 retardabitur,
424 1062 495 1103 quam
510 1050 648 1092 necessitate
663 1053 687 1092 et
701 1050 804 1093 utilitate
820 1053 919 1093 conante
931 1049 963 1102 (1)

123 1118 270 1164 admittatur,
283 1115 398 1177 1110110111
409 1119 477 1158 tanta
488 1115 519 1157 sit
530 1115 662 1164 necessitas,
674 1129 733 1170 quae
745 1117 886 1159 contrariam
898 1129 963 1158 enor-

104 1220 106 1222 ,
122 1185 232 1226 mitatem
243 1184 346 1224 excedat.
359 1180 492 1224 Enormitas
503 1194 614 1235 personae
623 1182 723 1237 impedit
732 1185 760 1224 ut
771 1183 851 1228 sitam
862 1182 962 1224 enormis
1015 1195 1017 1199 ’

122 1262 226 1304 persona,
241 1248 301 1290 sicut
313 1248 432 1290 homicida
445 1251 586 1301 spontaneus
601 1251 643 1296 est,
663 1249 692 1290 ad
712 1248 821 1292 militiam
835 1248 962 1292 clericalem

120 1317 191 1358 vellet
203 1316 339 1357 ascendere:
352 1314 395 1356 hoc
408 1314 471 1355 nulla
482 1314 620 1356 necessitate
633 1315 768 1358 stimulante
779 1315 962 1371 dispensandum

121 1385 188 1424 esset.
207 1381 340 1423 Enormitas
357 1380 396 1428 rei,
414 1383 441 1421 ut
459 1380 477 1421 si
495 1372 645 1422 consobrinus
662 1393 715 1424 cum
737 1380 875 1424 consobrina
892 1381 963 1422 vellet

121 1447 269 1491 matrimonio
283 1459 306 1488 se
319 1446 399 1499 iungi3
412 1446 437 1487 iu
450 1446 493 1488 hoc
507 1446 569 1488 nulla
583 1447 720 1490 necessitate
733 1448 876 1496 stimulante,
901 1447 964 1493 nulla

119 1514 223 1556 utilitate
244 1512 378 1554 blandiente
400 1512 581 1566 dispensandum
603 1516 669 1561 esset,
694 1513 747 1566 quia
768 1513 807 1556 illa
826 1513 961 1556 'coniunctio

119 1580 218 1623 enormis
230 1591 264 1621 res
277 1581 335 1620 est...
350 1577 377 1633 In
388 1578 495 1620 omnibus
507 1590 597 1631 semper
609 1582 644 1620 est
654 1580 711 1621 haec
723 1580 831 1621 discretio
852 1579 962 1622 adhiben-

119 1649 149 1689 da
162 1649 196 1695 ut,
212 1646 230 1687 si
245 1645 323 1698 aliqua
337 1644 461 1687 necessitas
474 1644 511 1685 vel
524 1645 616 1687 utilitas
631 1658 676 1686 non
691 1647 794 1694 suadeat,
818 1646 960 1699 dispensatio

117 1713 212 1757 minime
224 1711 275 1753 liat.
289 1709 343 1753 Fiat
356 1713 434 1753 autern
446 1710 466 1752 si
478 1711 566 1764 aliquid
577 1711 675 1754 istorum
689 1713 789 1768 duorum
799 1711 902 1760 alluerit,
915 1711 959 1753 nisi

119 1779 244 1823 enormitas
257 1789 368 1832 personae
381 1777 419 1818 vel
432 1777 464 1818 rei
477 1777 671 1832 impedimentum
686 1778 793 1837 dederit»
805 1778 846 1831 (2).
886 1832 887 1835 Ἰ
938 1778 940 1780 ’

146 1844 248 1887 Rufinus
258 1843 355 1898 proinde
365 1843 433 1884 unice
444 1843 548 1901 loquitur
559 1844 586 1885 de
597 1844 703 1886 utilitate
713 1844 750 1886 vel
760 1844 906 1893 necessitate,
918 1846 957 1886 sed

116 1925 146 1954 ex
156 1913 267 1953 contextu
277 1906 337 1951 clarc
348 1913 445 1962 apparet
456 1915 508 1951 eum
519 1906 564 1951 non
576 1919 642 1962 agere
652 1913 748 1953 tantum
760 1912 787 1952 de
799 1923 868 1953 causa
879 1923 957 1952 neces-

115 1977 192 2021 sitatis
200 1974 330 2022 communis,
345 1976 385 2016 sed
398 1975 469 2017 etiam
477 1976 504 2016 de
512 1976 805 2019 necessitatevelutilitato
814 1974 900 2017 ordinis
910 1976 957 2030 pri-

57 2042 60 2044 ’
114 2043 168 2092 uati,
183 2042 297 2096 siquidem
312 2041 420 2094 loquitur
434 2055 442 2077 c
452 2041 479 2082 do
495 2041 536 2081 isto
546 2041 595 2082 11110
609 2042 741 2090 sacerdotis,
752 2042 793 2096 qui
807 2043 910 2096 optimus
923 2046 958 2085 est

114 2109 213 2153 scientia
226 2110 250 2149 et
261 2106 383 2149 moribus»
397 2110 421 2148 11
434 2106 553 2148 concludit
566 2108 763 2160 dispensationem
776 2121 844 2162 posse
856 2109 908 2151 lieri
920 2125 928 2147 o
938 2109 957 2156 si

115 2176 194 2229 aliquo
204 2174 328 2216 necessitas
338 2173 376 2215 vel
386 2172 476 2215 utilitas
487 2167 585 2216 suadeat
595 2189 610 2215 1.

143 2246 164 2288 3.
181 2245 294 2288 Doctrina
303 2242 316 2287 a
325 2243 413 2286 Rufino
420 2245 543 2300 proposita
557 2258 570 2287 a
582 2245 653 2287 variis
669 2245 804 2288 Decretistis
814 2247 894 2300 paucis
903 2259 955 2289 cum

113 2310 284 2356 mutationibus
304 2309 434 2354 exhibetur.
456 2308 540 2353 Omnes
559 2315 587 2353 ut
607 2324 688 2354 causas
707 2313 830 2366 requisitas
850 2314 955 2356 indicant

112 2378 264 2421 necessilatem
280 2378 301 2417 ci
311 2375 434 2419 utilitatem
446 2374 486 2428 (3).
505 2376 606 2428 Quidam
619 2379 710 2421 addunt
721 2379 828 2433 pietatem
839 2377 878 2432 (4).
893 2379 954 2431 Quas

140 2575 170 2619 (1)
186 2575 299 2616 Sic'codd.,
312 2575 348 2608 sed
359 2573 414 2612 torte
426 2577 584 2612 emendandum
596 2579 642 2611 est:
655 2580 759 2623 cogente.¹

111 2651 113 2653 -
140 2631 171 2675 (2)
186 2630 341 2672 summarius.
353 2630 368 2671 I,
379 2631 617 2677 q.7,siuena‚0.'c.,p.
628 2634 674 2670 235.
706 2646 709 2648 ·
813 2676 815 2680 Δ

139 2687 170 2730 (3)
186 2686 216 2723 Cf.
230 2686 347 2730 Stephanus
361 2686 501 2730 Tornucensis,
515 2689 623 2731 Sonuere,
637 2699 656 2733 p.
671 2691 723 2731 1563
737 2690 824 2726 Sununu
836 2692 960 2736 Lipsiensis,

114 2745 163 2779 Cod.
178 2751 216 2778 ms,
231 2743 265 2778 cit.
278 2742 315 2778 101,
330 2741 394 2783 102V3
408 2743 494 2778 summa
507 2745 645 2787 coloniensis,
659 2747 709 2782 Cod
723 2756 760 2781 ms.
775 2748 810 2782 cit.
825 2748 860 2783 tol.
875 2749 960 2790 33310.

112 2799 248 2839 Fauentinus,
261 2799 306 2834 cod.
330 2807 368 2834 ms,
382 2798 417 2833 cit.
429 2798 465 2835 10],
478 2800 529 2841 49v3
541 2801 656 2844 Huooecro,
670 2803 715 2837 cod,
728 2810 766 2838 ms,
779 2794 863 2839 011101.
877 2805 939 2841 1251

141 2855 171 2899 (4)
186 2856 259 2890 Penus
274 2854 388 2896 Blesensr's,
401 2864 419 2890 o.
433 2865 457 2897 o,
470 2865 491 2900 p.
506 2857 582 2897 52-643
596 2857 623 2899 ol.
638 2858 687 2901 ord,
702 2858 728 2896 ad
741 2868 761 2896 v.
776 2859 885 2908 plerisque,
900 2871 916 2897 c.
929 2852 963 2907 11,

114 2912 134 2947 C,
148 2911 164 2954 1,
177 2920 197 2956 q.
210 2910 236 2953 73
249 2909 355 2953 sicardus,
367 2911 416 2947 Cod.
428 2919 466 2948 ms.
478 2912 559 2949 011101.
572 2913 617 2952 149.
