2139 3277
247 172 281 210 bn
297 154 378 217 cause
394 182 425 211 nr
441 177 819 217 11111111151111111151110111111
924 161 966 206 119
982 215 984 217 ‚

89 302 92 305 ⁴
116 289 296 343 dispensationis
319 290 418 333 alienam
440 290 554 332 haberent
577 301 670 332 omnem
693 289 858 335 mutationem,
883 286 954 328 etiam

117 355 251 407 generalem,
266 355 321 409 legis
335 356 383 398 sive
402 368 443 408 per
456 354 631 408 abrogationem
644 355 694 398 sive
717 368 759 409 per
779 354 963 407 derogationem,

117 417 179 464 nulla
191 421 239 465 iam
253 425 302 464 erat
315 422 374 464 ratio
397 421 506 474 exigendi
526 432 619 463 causam
640 421 753 463 utilitatis
766 421 803 463 vel
818 418 963 462 necessitatis

116 480 259 535 communis3
274 487 408 530 sufficiebat
421 487 546 530 necessitas
560 487 714 539 particularis,
730 500 782 530 cum
795 487 900 528 utilitate
914 485 958 527 sal-

112 556 167 598 tem
193 548 307 596 indirecta
334 554 456 596 Ecclesiae.
476 554 532 595 Inde
561 565 600 606 per
627 554 757 606 doctrinam
771 553 893 595 iuridicam
909 555 957 595 sta-

52 634 54 637 ·
117 619 198 670 bilitnr
212 620 292 673 praxis
306 621 331 662 in
346 620 394 662 dies
409 620 554 673 frequentior
567 619 591 660 in
606 618 710 669 Ecclesia
725 619 845 661 relaxandi
858 619 918 673 leges
932 620 957 661 in

117 686 208 728 casibus
219 681 406 744 particularibus,
418 686 510 728 intuitu
520 697 669 739 personarum
681 685 744 738 etjob
756 684 847 727 motiva
856 686 958 738 privata.

116 751 215 798 Proinde
234 750 363 794 Febronius
381 752 477 805 eiusque
496 745 604 806 sequaces
623 751 740 794 Ecclesiae
759 751 880 792 obiciendo
898 751 959 793 hanc

116 818 248 876 disciplinae
262 818 428 867 mutationem,
443 831 490 872 qua
503 818 616 860 recedita
629 818 697 871 praxi
713 817 853 861 concedendi
867 817 960 870 dispen-

115 875 215 927 sationes
233 885 300 926 unice
318 884 347 926 ob
366 897 459 927 causam
478 884 589 925 utilitatis
607 884 645 925 vel
662 876 808 926 necessitatis
827 883 962 931 communis,

114 962 159 993 non
169 950 311 993 sufficienter
321 963 375 1005 prae
387 951 458 993 oculis
469 951 602 993 habuerunt
613 950 673 992 hanc
685 949 789 992 notionis·
798 949 960 991 variationem.

143 1016 164 1058 5.
180 1016 299 1070 Paulisper
309 1017 428 1070 rigidiores
437 1020 493 1059 sunt
503 1011 612 1058 loANNEs
621 1015 779 1057 annnrmus
789 1020 812 1057 et
821 1014 958 1057 Huouccro.

113 1083 223 1125 Redeunt
235 1084 264 1125 ad
278 1082 409 1125 doctrinam
423 1084 552 1136 antiquam,
566 1094 618 1124 cum
629 1085 710 1123 textus
723 1080 805 1122 Rufini
817 1081 913 1134 rigidius
924 1081 959 1123 in-

113 1151 289 1203 terpretantur;
302 1149 409 1190 sentiunt
422 1149 483 1192 enim
499 1149 695 1203 dispensationem
708 1160 754 1190 non
767 1160 815 1189 esse
828 1147 958 1191 iacienda-m

113 1215 157 1257 nisi
169 1228 198 1265 ex
209 1215 291 1266 mupno
303 1217 383 1263 causo,¹
392 1215 481 1257 scilicet
493 1214 641 1257 necessitatis
653 1214 691 1256 vel
702 1213 816 1256 utilitatis
829 1214 959 1255 communis.

115 1282 163 1324 Iino
174 1279 293 1333 Huguccio
303 1281 419 1333 requirere
429 1281 531 1329 uidetur,
543 1280 567 1321 in
577 1293 623 1321 uno
633 1281 717 1322 saltem
726 1282 802 1328 textu,
814 1292 906 1324 causam
915 1292 959 1333 pu-

113 1348 204 1396 blicam,
221 1360 274 1389 cum
288 1360 346 1401 «pro
363 1347 456 1401 privata
473 1347 639 1389 1111111111111011
656 1346 793 1390 admittitur
808 1345 957 1399 dispensatio.

113 1413 150 1455 cui
159 1413 287 1456 communis
295 1413 386 1456 utilitas
396 1416 432 1455 est
439 1414 605 1467 praeponenda
614 1427 621 1459 ³>
633 1412 673 1466 (1).
700 1446 702 1448 .

141 1479 161 1521 d.
179 1478 289 1530 Quaestio
300 1492 314 1522 a
324 1479 466 1532 quibusdam
478 1479 552 1522 etiam
563 1478 658 1532 ponitur
668 1481 748 1521 utrum
761 1477 861 1533 indubio
872 1479 900 1521 de
910 1478 958 1535 sui-

87 1540 216 1587 -ficierrtia
233 1545 270 1587 uel
288 1545 413 1587 existentia
432 1558 521 1594 causae,
540 1557 580 1586 seu
599 1557 627 1585 ex
645 1557 714 1586 causa
732 1544 960 1598 tantumprobabili

94 1651 97 1655 .
112 1611 253 1665 dispensatio
268 1610 320 1652 11111
335 1611 416 1664 possit.
432 1611 534 1652 Annuus
548 1610 606 1652 iilud
621 1613 698 1663 negat,
715 1611 755 1652 sed
766 1610 841 1662 glossa
854 1610 956 1651 Ioannis

103 1668 248 1718 ‘Taurourcr
255 1679 336 1719 contra
345 1676 411 1720 illum
422 1676 528 1720 affirmat
539 1689 632 1719 causam
644 1674 789 1734 probabilem
800 1688 841 1729 pro
851 1677 955 1730 legitima
979 1716 981 1721 ,

112 1736 256 1785 concessione
274 1742 453 1797 dispensationis
469 1743 576 1800 sulti-cere
588 1742 627 1795 (2).

141 1813 161 1855 7.
178 1812 263 1856 Mirum
272 1813 345 1855 videri
355 1817 432 1867 posset
441 1814 584 1856 Decretistas
592 1814 689 1856 ulterius
699 1816 745 1856 non
753 1813 867 1866 indagare
876 1818 955 1858 utrum

104 1879 229 1922 calidonii
240 1870 382 1932 dispensatio
394 1880 443 1920 sine
456 1880 517 1921 iusto
529 1891 596 1921 causo
608 1891 715 1921 concesso.
729 1880 860 1922 Huouccro
872 1883 951 1924 tamen

111 1945 269 2001 quaestionem
280 1946 357 1998 tangit
369 1937 510 2000 affirmando
522 1946 550 1987 R.
563 1945 710 1994 Pontificem,
724 1946 762 1999 qui
775 1945 846 1988 habet
857 1947 950 2000 plenam

107 2012 235 2067 potestatis
249 2011 369 2068 condendi,
398 2011 525 2064 abrogandi
537 2014 575 2054 vel
587 2012 757 2067 interpretandi
772 2024 877 2061 canonae,
892 2026 950 2056 sem-

110 2091 150 2134 per
161 2077 238 2120 valide
251 2076 310 2129 leges
323 2076 431 2126 relaxare.
446 2078 502 2131 quia
514 2078 551 2120 lex
562 2093 570 2116 r
581 2079 608 2119 de
620 2078 668 2120 eius
682 2078 778 2121 arbitrio
792 2081 816 2120 et
835 2082 952 2132 potestate

109 2145 195 2199 pendet
205 2156 229 2191 1);
244 2155 290 2185 11111
303 2146 383 2192 tamen
396 2144 447 2186 ideo
461 2144 532 2194 licite,
547 2157 600 2185 cum
615 2146 703 2187 addat:
733 2145 796 2186 «etsi
811 2147 950 2200 quandoque

109 2210 220 2253 Pontifex
229 2208 367 2263 'dispensare
379 2223 426 2253 non
440 2208 534 2270 deberet
544 2226 552 2248 11
564 2210 729 2265 (3).Consentit
743 2210 883 2253 Laurentius
897 2212 952 2258 His-

90 2439 92 2442 .
136 2405 165 2450 (1)
180 2406 293 2449 Huquccio.
305 2407 354 2442 Coo.
365 2415 403 2443 ms.
416 2408 450 2443 cit.
461 2398 498 2443 tol.
510 2407 565 2442 125V.
577 2407 615 2442 col.
627 2408 645 2443 1.
656 2408 781 2451 «Sequitur,
793 2409 877 2452 quaudo
888 2409 957 2454 possit

108 2463 154 2498 lieri
165 2463 301 2506 dispensatio.
313 2463 342 2497 Et
353 2464 438 2507 quidem
448 2473 492 2498 non
503 2464 534 2497 est
544 2462 641 2499 iacienda
653 2464 782 2507 dispensatio
794 2464 833 2498 nisi
843 2473 869 2499 ex
879 2467 958 2509 magna
975 2458 977 2460 ¹

109 2528 178 2560 causa,
190 2518 234 2554 scil.
245 2519 376 2553 necessitatis
386 2519 420 2554 vel
430 2519 530 2554 utilitatis
540 2521 663 2555 communis.
685 2512 726 2555 Sed
736 2520 861 2555 necessitate
871 2522 905 2555 vel
915 2523 957 2556 uti-

108 2576 171 2611 litate
180 2574 214 2609 vel
222 2573 314 2618 utroque
323 2575 422 2620 exigente
427 2576 473 2609 fieri
481 2575 559 2619 potest,
569 2575 614 2610 uti.
624 2585 663 2619 e.q.
674 2576 722 2610 Etsi
729 2576 772 2617 illa,
782 2576 822 2610 nisi
829 2577 910 2620 aliquid
919 2578 958 2611 irn-

107 2630 181 2675 pediat
192 2630 246 2674 puta
257 2630 381 2672 scandalum
392 2631 426 2666 vel
437 2631 553 2666 enormitas
564 2640 659 2675 persone,
671 2632 726 2676 puta
737 2632 754 2665 si
767 2632 800 2665 cst
812 2633 908 2675 publicus
920 2634 958 2668 ho·
1019 2649 1021 2651 ·

107 2687 185 2722 micida
195 2686 231 2730 qui
241 2684 289 2723 vult
298 2686 384 2721 clericus
393 2686 446 2729 11111,
457 2687 492 2723 vel
502 2688 616 2722 enormitas
626 2689 662 2729 rei,
681 2687 724 2722 scil.
735 2688 752 2721 si
763 2689 900 2724 consobrinus
910 2690 959 2725 vult

108 2745 183 2778 ducere
194 2743 217 2777 in
227 2750 317 2776 uxorem
328 2743 531 2778 consobrinam.Hec
543 2742 565 2775 et
576 2743 652 2779 similia
663 2752 701 2788 pro
714 2742 772 2778 nulla
783 2738 911 2782 necessitate
922 2745 957 2781 vei

47 2842 57 2847 ἱ
108 2799 202 2834 utilitate
213 2798 311 2833 iacienda
323 2800 372 2832 sunt
380 2811 394 2834 1,

136 2853 166 2898 (2)
182 2854 209 2898 gl.
219 2854 276 2889 adv.
286 2853 399 2897 vetretum,
409 2862 426 2890 c.
436 2853 468 2897 23,
479 2855 500 2890 C.
512 2853 527 2897 Ι,
538 2863 560 2898 q.
570 2855 588 2890 7.

135 2909 166 2953 (3)
182 2910 233 2945 Cod.
242 2918 281 2946 ms.
290 2910 326 2947 cit.
335 2909 370 2947 iol.
380 2905 439 2947 miii«
451 2909 476 2946 In
485 2919 568 2946 summa
577 2911 617 2946 hoc
625 2912 657 2946 est
665 2911 783 2949 tenendum
793 2913 850 2957 quod
859 2913 957 2950 dominus
