2182 3277
136 205 151 249 8
431 209 432 212 ’
459 200 655 249 Pnannrnrrnnma

136 324 194 368 teria
211 336 251 380 pro
270 322 363 378 periodo
381 334 440 376 quae
458 321 536 363 currit*
547 335 561 364 a
579 320 691 364 Gratiano
716 319 793 374 (1140)
824 322 853 383 ad
873 320 985 363 Ioannem

84 429 85 432 ,
137 390 242 435 Andreae
254 388 337 443 (1348),
351 389 407 431 dum
418 392 499 431 tamen
509 401 562 431 vere
575 385 645 432 aurea
656 387 702 429 fuit
721 387 778 432 haec
790 387 898 443 periodus
911 387 983 431 scien·
1010 392 1012 394 ’
1047 407 1049 414 2

71 509 73 513 7
136 458 183 501 tiae
198 450 328 500 canonicae.

40 774 43 776 ¹
101 815 103 818 -
138 789 192 833 sint.

152 554 153 557 η
166 523 186 565 3.
201 523 227 565 In
238 524 304 577 parte
315 522 387 564 tertia
398 522 486 575 duplici
497 522 582 564 iterum
593 522 695 564 sectione
707 521 856 565 ostendemus
868 520 985 575 imprimis

137 600 252 644 quaenam
262 587 336 640 ¹fuerit
349 588 456 630 doctrina
469 587 582 636 Gratiani,
597 591 621 628 et
634 599 750 641 quaenam
764 587 812 629 eius
826 586 984 641 dependentia

138 655 166 699 ah
183 652 317 699 auctoribus
333 654 541 708 praecedentibus;
559 654 641 700 deinde
658 654 715 708 quid
732 654 853 696 docuerint
869 653 1000 703 Decretis-r

137 725 182 771 tae,
197 724 221 763 et
236 722 352 776 quomodo
367 715 433 764 varia
447 720 561 776 principia
576 734 589 763 a
604 719 717 763 Gratiano
733 723 824 764 statuta
837 719 987 774 interpretati

167 854 187 897 4.
201 854 337 898 Demumin
349 857 416 907 parte
429 855 552 909 quarta‘de
566 854 672 896 doctrina
691 845 899 897 Decretalistar'um
910 853 988 906 inqui·
1023 876 1025 880 Α

134 918 221 978 remus.
235 920 383 964 Ostendendo
395 921 506 963 nimirum
517 920 559 962 suh
573 931 675 974 quonam
685 919 778 961 influxu
790 920 896 961 doctrina
907 932 987 961 eorum

138 988 285 1035 sit‘evoluta
300 986 464 1039 indagabimus
478 987 503 1029 in
517 987 618 1028 sectione
632 981 703 1040 priori
719 986 775 1040 quid
790 985 913 1027 docuerint
927 986 990 1037 circa¹

140 1053 352 1108 dispensationem*
362 1054 457 1108 eiusque
473 1065 542 1095 usum
557 1053 649 1103 licitum
666 1056 689 1094 et
705 1053 827 1100 validum;
843 1053 868 1094 in
884 1053 988 1095 sectione

139 1118 211 1163 altera
222 1119 279 1173 quid
291 1120 411 1162 docuerint
423 1120 484 1161 circa
495 1108 613 1161 auctorem
626 1119 805 1172 dispensationis
817 1122 840 1160 ct
850 1118 989 1161 fundamen-

138 1190 190 1229 tum
197 1185 321 1228 iuridicum
330 1185 378 1227 eius
387 1185 553 1239 potestatisEt
562 1188 744 1241 quamquam‚ut
753 1185 928 1234 diximusmens
937 1196 989 1228 nos·
1036 1219 1038 1221 .

138 1256 176 1295 tra
185 1256 221 1295 est
229 1252 345 1306 inquirere
356 1254 383 1294 de
395 1252 568 1306 dispensatione
578 1253 601 1294 in
611 1253 660 1295 iure
676 1252 794 1301 canonico,
813 1255 894 1295 tamen
904 1265 932 1295 ne
940 1254 989 1296 ,dis-

70 1346 73 1352 *
134 1319 259 1362 trahamus
272 1318 301 1360 ab
312 1319 413 1361 invicem
425 1319 542 1362 doctrinas
562 1332 621 1373 quae
632 1320 660 1362 iis
673 1318 768 1361 saeculis
780 1318 862 1361 intime
884 1319 990 1362 cohaere-

139 1386 203 1434 bant,
215 1398 255 1438 per
266 1384 362 1427 modum
373 1385 453 1427 scholii
464 1386 493 1426 ad
504 1388 594 1438 partem
604 1388 714 1439 quartam
724 1385 868 1438 inquiremus
880 1386 989 1438 quisnam

139 1449 210 1494 fuerit
223 1450 328 1495 influxus
341 1451 503 1505 theologorum
517 1452 541 1493 in
555 1451 739 1494 elaborationem
765 1451 886 1493 doctrinae
901 1453 928 1494 de
943 1454 990 1495 dis-

140 1519 276 1572 pensatione
290 1518 314 1559 in
329 1518 438 1560 Ecclesia.
456 1517 552 1570 Insuper
566 1519 632 1560 varia
647 1519 769 1572 quaedam,
793 1520 880 1571 utputa
896 1517 990 1561 brevem

139 1584 306 1627 refutationem
316 1579 434 1627 variarum
445 1584 583 1636 opinionum
594 1596 748 1632 erronearum,
760 1596 819 1637 quae
830 1586 907 1638 quoad
917 1597 990 1628 unum

141 1651 268 1694 alterumve
289 1653 402 1703 punctum
424 1650 558 1703 disciplinae
579 1651 748 1693 ecclesiasticae
769 1653 796 1693 de
818 1651 990 1704 dispensatione

140 1718 235 1760 fuerunt
244 1717 385 1771 propositae,
396 1717 493 1761 innotis
505 1716 651 1761 subiciemus.
