2139 3277
315 161 449 218 coucuusro
465 186 552 218 renus
568 164 676 220 reunmu
860 219 862 221 ,
935 177 976 226 149
1044 200 1046 202 ·

123 293 228 337 nondum
258 295 341 336 exacte
369 296 420 336 erat
449 292 583 337 delinitum.
611 291 683 349 Apud
719 292 863 349 posteriores
892 295 977 340 Deores

123 359 194 402 tistas
207 360 330 416 praevalet
343 362 423 403 tamen
438 360 546 402 doctrina
560 361 588 401 de
600 361 723 416 potestate
737 360 859 405 exclusiva
872 360 901 404 R'.
915 362 977 407 Pon·

122 423 196 468 tiliois
210 425 363 481 dispensandi
376 425 401 469 in
413 426 464 468 iure
477 425 587 478 generali.
775 479 776 482 Ἰ

152 491 173 534 ,8.
192 491 227 534 De
241 491 398 545 cpiscoporum
412 492 524 546 potestate
540 492 692 546 dispensandi
707 492 804 549 eiusque
817 494 976 539 fundamento

121 558 220 600 iuridico
233 561 269 600 est
280 558 398 614 quaedam
410 557 543 601 obscuritas
555 561 579 600 et
590 567 677 610 magna
689 559 827 612 opinionum
840 562 973 608 diversitasv

121 624 190 668 Hanc
201 624 280 677 plures
294 624 526 679 causaepraesertim
539 626 621 668 tamen
634 622 700 667 iacta
712 618 832 673 historica,
845 629 973 681 explicant.

122 691 256 742 Quamdam
274 693 420 744 potestatem
440 690 594 744 dispensandi
612 689 637 732 in
655 690 705 731 iure
725 693 844 735 communi
863 695 972 750 episcopo
1029 690 1032 698 ⁹

121 769 168 800 non
178 760 258 799 tamen
268 757 319 799 iure
328 757 373 811 ipsi
383 756 478 812 proprio
489 756 595 812 plerique
606 758 745 810 agnoscunt,
757 756 852 800 licetde
863 759 912 801 eius
921 760 974 805 iun-

121 825 233 867 damento
249 837 296 866 non
312 823 463 867 conveniant.
497 822 634 877 Spectatum
652 822 774 876 episcopus
791 825 919 867 concedere
933 837 975 879 po-

119 893 168 933 test
181 891 297 945 quasdam
312 890 499 944 dispensationes
513 902 583 933 sensu
596 890 652 939 lato,
669 888 830 933 absolutiones
852 903 937 945 nempe
951 894 975 934 et

120 957 280 1010 mitigationes
293 957 318 999 in
333 957 461 1000 canonibus
476 954 687 1010 poenitentialibus
702 959 725 998 et
739 957 887 1009 poenalibus,
902 958 973 1003 iuxta

119 1023 176 1066 alios
190 1026 308 1077 quatenus
322 1023 359 1065 lex
372 1023 486 1076 generalis
500 1023 558 1064 illud
573 1022 593 1064 ei
606 1022 734 1075 permittit,
744 1028 747 1033 '
757 1022 826 1066 iuxta
837 1024 898 1082 alios
913 1038 968 1068 vero

119 1092 236 1145 quatenus
255 1101 302 1132 non
320 1090 422 1142 positive
441 1089 558 1144 prohibet.
587 1088 671 1130 Nullus
690 1088 767 1135 adhuc
786 1091 910 1133 contendit
928 1105 971 1143 nec

118 1156 191 1209 logice
208 1156 277 1198 iuxta
294 1167 361 1198 suam
380 1156 513 1197 doctrinam
540 1155 682 1196 contendere
699 1154 817 1213 potuisset
835 1157 971 1210 episcopum

118 1234 186 1276 posse
203 1221 338 1275 dispensare
354 1234 423 1264 sensu
440 1222 521 1263 stricto
547 1221 572 1262 in
589 1219 699 1266 omnibus
715 1220 739 1263 in
756 1213 896 1275 quibusius
912 1215 970 1266 illud

117 1289 162 1342 ipsi
171 1301 217 1332 non
227 1287 340 1331 adimitur
349 1301 355 1336 ;
366 1301 433 1336 casus
442 1291 523 1330 autem
531 1287 556 1329 in
565 1285 653 1341 quihus
661 1280 768 1329 facultas
780 1287 825 1341 ipsi
835 1289 971 1332 conceditur

116 1356 242 1399 inveniunt
257 1354 282 1398 in
299 1354 406 1402 fontibus
422 1354 480 1399 iuris
498 1345 649 1408 antiquioris,
661 1352 701 1406 qui
717 1365 759 1406 per
774 1354 928 1398 insertionem
946 1357 970 1400 in

117 1421 217 1464 Deoreto
247 1421 355 1470 Gratiani
384 1434 431 1471 non
460 1412 615 1468 novumsed
644 1419 836 1467 universaliorem
866 1422 970 1467 valorem

117 1488 197 1545 adepti
206 1490 268 1532 sunt.
