2139 3277
289 221 323 259 bn
337 219 413 261 snrr'su
425 221 495 263 noers
507 232 538 260 Er
550 216 661 261 Massam
674 212 820 259 TnAcrAnnA
941 204 956 257 3

39 331 58 381 s
86 335 88 338 ’
106 335 221 389 οἰκονομία
237 349 277 379 seu
287 337 431 391 dispensatio
442 338 561 380 dicebatur
581 338 662 381 haberi
685 337 779 391 quando
798 334 887 390 aliquid
904 345 955 388 per-

103 395 214 453 mittitur,
227 405 290 460 quod
302 417 348 447 non
361 408 397 446 est
408 404 505 453 licitum,
518 407 545 445 ut
556 405 712 458 prospiciatur
723 403 795 446 saluti
806 402 909 454 aliorum
915 400 955 442 vel

22 519 26 521 ,
46 496 48 499 .
104 469 221 511 debilitati
238 470 422 512 individuorum.
443 469 492 520 Quo
512 471 580 511 modo
602 470 711 512 dicebant
730 482 759 512 ex
779 468 954 522 dispensatione

37 556 51 593 s
103 537 264 578 circumcisum
278 535 349 578 fuisse
364 528 520 585 Timotheum,
535 536 559 577 id
574 537 723 589 permittente
740 536 761 577 S.
776 534 848 578 Paulo
862 534 954 578 intuitu

103 603 242 655 procurandi
261 602 363 644 salutem
381 602 473 644 illorum
494 602 633 651 Iudaeorum
653 614 692 655 per
712 614 771 655 quos
790 603 952 655 praedicantes

72 670 77 672 “
103 669 226 711 transituri
237 672 304 710 erant
315 667 355 721 (1).

132 733 191 776 ¹Inde
200 738 251 777 orta
260 737 296 776 est
305 734 445 788 sinnisiculio
454 734 565 788 generalis
575 725 633 776 occis
644 733 741 775 inridier
748 734 812 788 prior
821 735 936 789 quaedam
946 747 951 776 :

104 817 112 840 1
122 802 239 854 mitigatio
249 813 289 843 sen
297 801 411 844 relaxatio
421 813 581 855 quaecumque
590 802 654 854 legis,
665 800 693 842 ob
702 800 791 843 bonum
800 800 916 843 Ecclesiae
927 816 935 839 1
946 814 951 849 ;

105 869 195 910 saeculo
207 881 261 910 vero
274 867 324 908 XII
337 867 385 909 luit
396 868 452 910 haec
464 860 607 921 significatio
618 868 733 921 generalis
747 863 865 910 coarctata
877 868 906 910 ad
917 880 952 909 re-

104 935 247 977 laxationem
258 934 314 987 legis
325 935 350 977 in
362 946 417 976 casu
429 934 571 986 particulari.

133 1000 201 1043 6,,111
216 1001 269 1041 Iure
279 1001 382 1041 Romano
393 1000 522 1053 antiquiori,
538 1000 582 1042 sub
598 1000 741 1054 legislatione
753 990 876 1044 duodecim
884 999 953 1043 tabu-

42 1094 44 1096 -
103 1068 185 1115 larum,
198 1067 277 1120 regula
289 1063 473 1109 enuntiabatur:
486 1082 495 1104 1
504 1066 626 1120 privilegia
637 1078 666 1110 ne
677 1067 795 1120 irrogante
805 1080 829 1115 1;
852 1079 899 1121 qua
917 1080 952 1108 re·
980 1120 982 1122 .
1034 1097 1037 1102 .

103 1134 158 1187 gula
173 1132 339 1176 intendebatur
355 1132 483 1186 aequalitas
499 1133 588 1174 'civium
602 1134 627 1175 in
652 1132 760 1175 omnibus
777 1134 905 1181 servanda;
932 1133 952 1175 si

103 1203 185 1242 tamen
201 1199 293 1242 Cuiacio
309 1201 400 1241 credere
415 1198 449 1241 ias
464 1202 498 1241 est
511 1198 550 1252 (2),
567 1211 609 1252 per
624 1211 676 1241 eam
690 1197 875 1242 excludebantur
890 1199 952 1242 solae

103 1258 251 1309 liberationes
267 1266 343 1318 alege
358 1267 516 1318 perdurantes,
532 1277 579 1308 non
595 1269 675 1307 autem
688 1265 838 1309 transitoriae
852 1278 892 1308 seu
906 1266 953 1308 dis-

104 1333 258 1387 pensationes.
279 1332 333 1373 Iure
353 1331 484 1373 Iustiniuno
502 1331 639 1384 imperatori
658 1334 762 1384 potestas
782 1331 952 1384 agnoscebatur

45 1405 47 1408 '
104 1400 209 1441 solvendi
219 1400 292 1452 legem
302 1398 409 1451 pluribus
418 1398 442 1440 in
452 1398 562 1446 materiis,
574 1399 608 1440 ita
617 1401 646 1439 ut
656 1397 799 1450 dispensatio
811 1400 952 1452 temperaret

104 1466 159 1524 legis
174 1465 294 1507 severioris
309 1464 482 1517 obligationem.
500 1464 561 1515 Quas
576 1464 703 1507 solutiones
717 1463 837 1507 vocabant
849 1465 951 1514 veniam,
1007 1518 1012 1524 .
1055 1521 1057 1524 .

41 1553 45 1555 Δ
102 1531 271 1580 liberationem,
284 1531 411 1580 licentiam,
423 1531 447 1572 in
457 1531 574 1583 integrum
586 1530 769 1580 restitutionem,
782 1534 806 1572 et
818 1543 889 1586 quam
900 1545 949 1575 sae·

103 1593 196 1652 pissime
210 1596 351 1641 beneficium
366 1601 390 1639 et
403 1597 573 1650 indulgentiam
585 1596 624 1651 (3).

120 1665 203 1714 ¹Porro
216 1664 303 1717 triplici
314 1663 357 1705 sub
369 1659 475 1716 respectu
486 1664 510 1706 111
522 1663 634 1706 historica
645 1664 787 1707 tractatione
798 1663 953 1717 dispensatio·
989 1682 992 1687 ¹

53 1727 55 1729 ’
103 1732 145 1781 nis,
152 1731 212 1773 —huic
221 1731 265 1772 iuri
276 1733 311 1772 est
321 1730 497 1774 attendendum.
508 1729 586 1777 Primo
598 1730 693 1784 quidem
703 1732 819 1784 quatenus
829 1731 952 1785 scriptores

102 1797 250 1840 ecclesiastici
267 1797 348 1839 eadem
364 1795 478 1839 vocabula
495 1796 655 1839 adhibuerunt
671 1796 758 1850 quibus
774 1796 876 1840 Romani
893 1798 952 1839 desi-

102 1864 208 1918 gnabant
220 1863 360 1906 solutionem
373 1876 387 1905 a
400 1863 455 1915 lege,
469 1866 494 1905 et
507 1863 602 1917 quidem
615 1863 756 1907 solutionem
768 1863 792 1905 in
806 1866 952 1906 antecessum

103 1943 250 1978 concessam
264 1930 347 1972 deinde
360 1942 424 1978 vero,
440 1933 553 1987 quatenus
566 1930 602 1972 ius
615 1941 740 1972 romanum
752 1930 778 1972 in
791 1942 815 1971 re
828 1930 953 1973 matrimo-

102 1998 158 2039 niali
169 2009 236 2050 saepe
247 1996 295 2037 fuit
307 1997 414 2049 agnitum
424 2052 425 2055 Ἰ
438 1995 461 2038 in
472 1996 528 2037 ,1010
547 1996 702 2038 ecclesiastico
713 2009 718 2044 ;
740 1998 764 2037 01
775 1997 871 2039 tandem
887 2008 953 2049 prae-

102 2063 176 2117 cipue,
188 2066 303 2119 quatenus
312 2062 366 2105 inde
377 2076 391 2105 a
402 2063 491 2104 saeculo
502 2062 552 2103 XII
562 2062 586 2105 in
597 2061 755 2114 elaboratione
766 2063 887 2106 doctrinae
896 2063 953 2104 iuri·
993 2092 994 2096 η

103 2131 167 2173 dicae
177 2130 205 2171 de
214 2129 394 2182 dispensatione,
404 2140 450 2170 non
459 2140 558 2181 paruum
567 2128 686 2172 influxum
694 2127 786 2171 habuit.

116 2219 118 2221 -
133 2196 153 2238 7.
170 2196 238 2238 Hisce
252 2196 406 2248 praenotatis,
422 2195 504 2252 clarius
519 2195 566 2237 iam
581 2194 682 2237 elucebit
696 2194 792 2236 materia
815 2206 881 2247 quum
897 2196 952 2236 irac-

51 2258 54 2263 ’
104 2261 195 2304 tandum
207 2261 382 2314 assumpsimus.
393 2260 489 2314 Agimus
500 2261 561 2304 enim
571 2262 639 2304 unice
650 2262 678 2302 de
689 2261 863 2313 dispensatione
872 2274 953 2305 secun-

30 2348 32 2351 ·
77 2380 79 2384 ‚
103 2331 160 2372 dum
169 2330 205 2370 ius
216 2327 360 2377 canonicum,
381 2340 429 2369 non
440 2331 518 2370 autem
529 2329 657 2370 secundum
668 2326 689 2368 S.
701 2327 856 2380 Scripturam,
868 2331 909 2371 aut
918 2341 953 2370 se-

60 2392 62 2397 ’
103 2397 205 2438 cundum
213 2396 248 2437 ius
257 2394 332 2443 civile,
343 2391 386 2436 aut
394 2394 441 2436 imo
450 2395 577 2436 secundum
585 2393 734 2446 theologiam,
745 2393 789 2436 nisi
796 2394 821 2436 in
838 2397 952 2448 quantum

102 2461 159 2505 haec
173 2462 289 2503 influxum
305 2459 389 2503 habere
405 2460 525 2512 potuerint
541 2460 565 2518 in
580 2460 703 2502 scientiam
718 2460 792 2501 etius
807 2460 951 2503 canonicum.

101 2529 198 2582 Agimus
214 2537 265 2580 ergo
282 2527 309 2568 de
325 2526 497 2579 dispensatione
511 2527 536 2569 in
551 2539 620 2569 sensu
634 2526 690 2567 iuris
705 2526 809 2570 canonici
837 2529 952 2580 quatenus

102 2595 220 2648 significat
232 2593 401 2635 relaxationem
410 2593 469 2645 legis
482 2593 659 2642 ecclesiasticae,
673 2604 741 2634 sensu
754 2592 803 2634 sive
818 2592 896 2635 latiori
904 2593 953 2635 sive

74 2666 81 2680 ⁵
101 2661 212 2703 strictiori
220 2660 276 2702 baec
285 2659 398 2702 relaxatio
407 2654 566 2713 intelligaturss

129 2846 160 2891 (1)
177 2846 207 2884 Cl.
223 2816 371 2888 somensac.
386 2853 402 2881 c.
417 2852 438 2889 p.
453 2843 520 2881 12-16.

129 2903 159 2947 (2)
177 2903 206 2939 Cf.
222 2904 396 2945 Sr1asuan‚o.e.,
406 2910 426 2945 p.
436 2899 496 2935 12-14
504 2901 525 2935 ct
533 2899 558 2936 52
569 2909 600 2945 sq.

130 2958 160 3004 (3)
177 2959 236 3004 ibid,
253 2968 274 3004 p.
292 2958 324 2995 54.
