2182 3277
145 193 188 239 170
286 195 325 240 vnra
340 188 579 249 nisenusaaromssus
595 210 660 241 anuo
676 189 877 243 necneratrsras
910 210 912 219 ²

160 315 270 361 3.Nullus
285 318 368 360 tamen
383 317 421 358 est
436 315 478 370 qui
493 316 627 372 theoretice
640 317 755 371 inquirat,
768 319 830 372 quae
845 319 877 361 sit
891 316 1000 372 praecise
1020 318 1028 375 ζ

128 381 262 438 differentia
274 381 338 437 inter
353 383 474 435 utrumque
489 384 630 442 conceptum.
646 384 740 428 Docent
755 385 957 438 dispensationem
972 387 997 427 et

128 451 278 504 privilegium
297 443 426 492 concedere
443 449 498 491 «ius
517 445 741 503 privatu'm»,²11am
759 452 895 504 indagando
914 454 995 494 utrum

120 517 214 571 aliquis
225 516 301 571 possit
312 515 401 558 habere
412 516 448 557 ius
461 516 491 558 ad
504 517 715 574 dispensationem,
728 529 775 561 non
787 515 934 576 respondent
945 518 996 560 dari
1034 527 1036 531 ’

125 583 162 625 ius
176 596 217 626 seu
231 583 351 626 actionem
365 583 395 624 ad
408 583 473 625 illam
487 584 618 640 petendam
630 583 669 625 nei
682 581 831 638 exigendam,
846 585 887 625 sed
901 584 995 638 dispen-
1054 601 1056 603 ·

126 650 244 693 sationem
252 649 306 692 iam
321 655 457 692 concessam
473 649 557 692 dicunt
572 661 621 691 esse
635 665 643 687 a
653 650 690 690 ius
705 651 836 703 privatum,
852 645 995 707 nonar-rtem

60 728 62 735 ·
126 728 258 765 commune,
273 715 336 757 sicut
350 716 378 757 de
392 715 520 769 privilegio·
530 716 576 757 dici
589 718 678 771 potest»
691 715 732 770 (1),
746 708 901 770 Priviiegium
914 719 996 769 tamen

109 783 284 826 communiter
297 781 418 826 definiunt
430 798 438 820 c
448 783 523 834 legem
536 782 657 837 privatam
667 796 683 830 o,
699 777 902 836 dispensationem
915 785 995 826 autem
1041 812 1044 814 -

66 895 67 898 ,
126 862 258 905 numquam
266 851 357 891 vocant
365 849 449 901 legem.
460 848 547 891 Utrum
556 848 612 890 inde
621 847 738 903 possimus
748 852 916 901 argumentum
927 850 996 890 desu-
1018 887 1021 890 .

76 942 79 944 -
125 929 189 960 mere
200 918 230 966 ad
242 915 414 959 affirmandum
426 914 716 957 Decretalistas'docuisse
728 915 930 968 dispensationem
941 927 1001 958 cone·
1056 965 1059 968 ,

126 984 208 1025 cedere
218 982 255 1023 ius
267 980 429 1025 subiectivum
440 982 545 1030 tantum,
559 993 606 1026 non
619 983 699 1023 autem
709 981 866 1044 obiectivum,
879 994 927 1026 non
940 993 995 1025 con-1

126 1050 177 1091 stat
189 1047 230 1102 (2).
466 1046 468 1049 ’
595 1047 598 1050 “
923 1062 926 1064 ’

212 1123 217 1130 ι

459 1336 581 1405 canui
600 1334 626 1409 u

314 1484 353 1529 De
365 1482 450 1524 variis
465 1480 607 1535 speciebus
622 1482 855 1536 dispensationum

156 1624 183 1666 In
199 1623 243 1665 hac
260 1620 474 1664 Decretaiistarum
490 1618 588 1672 periodo
606 1620 685 1677 plures
701 1631 778 1663 novae
794 1622 884 1675 species
901 1616 994 1678 dispenss
1046 1618 1061 1660 s

123 1690 244 1733 sationum
261 1689 432 1741 exponuntur3
449 1686 509 1729 aiiae
524 1686 573 1729 iam
590 1689 661 1730 antea
677 1688 813 1741 propositae
825 1691 993 1734 controversiis

121 1759 180 1801 darit
195 1757 284 1799 iocum,

118 1955 249 1999 promoueri,
261 1954 316 1989 hene
327 1953 416 1989 videtur
426 1952 448 1988 et
458 1952 500 1986 hoc
510 1960 635 1987 concessum
647 1953 673 1987 de
684 1953 784 1988 omnibus
795 1954 861 1987 sacris
873 1954 991 1997 ordinibus,
1001 1973 1003 1975 v

118 2019 168 2044 cum
180 2019 223 2046 non
235 2011 276 2045 nisi
288 2011 341 2054 ipsis
353 2010 422 2054 primo
435 2009 527 2052 receptis
541 2009 620 2046 debeat
632 2009 679 2052 quis
691 2008 714 2044 in
727 2010 852 2053 episcopum
865 2012 991 2047 consecrari.

118 2066 158 2102 Vel
172 2066 229 2102 dicas
244 2067 303 2110 quod
316 2067 340 2101 in
353 2065 429 2110 gratiis
443 2065 601 2100 favorabilibus
616 2066 656 2100 hoc
670 2066 823 2109 argumentum
837 2067 907 2110 possit
919 2067 991 2102 locum

57 2141 59 2146 ·
118 2123 206 2165 hahere,
215 2133 258 2157 non
267 2123 342 2157 tamen
350 2123 372 2157 in
381 2122 460 2157 odiosis
470 2121 526 2155 sicut
535 2122 587 2156 sunt
597 2122 768 2166 dispensationes
777 2132 842 2167 super
851 2123 1003 2165 multitudine,

118 2178 274 2215 beneficiorum
292 2179 397 2225 obtentae
405 2191 419 2213 o.
438 2177 544 2220 —Annon
563 2178 613 2212 inde
631 2178 687 2212 esset
703 2179 818 2213 dicendum
837 2179 992 2227 Decretaiistas

118 2244 151 2269 res
158 2236 215 2278 ipsas
222 2235 400 2278 distinguere,sed
410 2234 593 2277 dispensationem
600 2234 765 2279 etpriuiiegium
772 2235 992 2281 contraiusaequipa-

118 2300 172 2333 rare,
186 2293 262 2327 nonin
274 2300 302 2334 se,
316 2292 353 2326 sed
366 2291 438 2334 quoad
451 2290 584 2325 consectaria
596 2290 699 2333 practica,
713 2292 820 2334 quatenus
833 2291 946 2336 utriusque
958 2301 996 2331 ea<

119 2350 168 2384 dem
182 2348 335 2392 interpretatio
351 2347 379 2381 sit
393 2346 500 2389 iacienda,
516 2355 566 2380 cum
580 2348 643 2381 ambo
659 2347 754 2390 praecise
768 2347 790 2382 in
805 2347 846 2382 hoc
861 2349 993 2386 conveniant

119 2405 178 2450 quod
189 2405 232 2440 sint
241 2405 334 2439 inducta
345 2403 464 2452 contraius
476 2403 607 2437 commune?
617 2417 618 2420 ¹

146 2461 176 2505 (1)
193 2461 316 2503 Dunaurrs,
331 2469 348 2496 0.
363 2469 387 2501 e,
405 2460 417 2495 l.
432 2469 456 2500 c.‚
474 2460 482 2502 ξ
497 2459 516 2502 1,
538 2457 562 2494 in
581 2459 632 2495 fine.
647 2459 841 2502 Aacmnraeouus,
868 2460 989 2504 Rosuriurn,

60 2559 62 2562 y
118 2517 145 2560 gl.
157 2517 186 2552 ad
196 2528 216 2553 v.
227 2517 279 2559 nisi,
291 2526 308 2552 c.
321 2516 340 2558 5,
352 2517 373 2551 C.
387 2515 403 2557 I,
416 2525 435 2558 q.
448 2516 466 2550 7.

146 2573 175 2617 (2)
186 2574 317 2608 Gunranurus
330 2573 492 2606 ernoususrs
503 2571 526 2606 in
540 2570 567 2614 gl.
578 2572 606 2606 ad
623 2571 734 2606 Summam
747 2572 880 2614 Raymundi.
898 2571 935 2609 Ms.
954 2573 990 2609 eit.

118 2628 155 2664 fol.
169 2629 207 2663 201
220 2630 248 2664 ad
260 2630 295 2664 tit.
310 2628 430 2672 28,L.111‚
444 2627 481 2662 uhi
494 2622 589 2671 explicat
602 2628 654 2672 quid
667 2627 695 2661 sit
706 2641 713 2660 a
725 2628 857 2672 dispensatio
871 2623 989 2664 concedens

56 2694 62 2697 “
116 2685 151 2720 ius
159 2685 269 2728 privatum
279 2699 293 2728 o,
304 2685 392 2720 uidetur
400 2684 488 2733 innuere
497 2683 586 2718 tantum
595 2684 629 2728 agi
639 2685 665 2718 de
674 2680 719 2718 iure
728 2684 848 2727 saeternae,
858 2694 907 2719 cum
916 2685 974 2720 dicat
985 2695 989 2719 ι

117 2754 125 2773 a
134 2740 167 2775 ius
184 2742 301 2785 privatum,
326 2741 360 2776 i.e.
377 2739 466 2775 licentia
482 2748 519 2775 seu
535 2740 771 2785 permissio'quaedam
788 2740 853 2783 alicui
870 2740 991 2785 specialiter

109 2798 176 2839 iacta
190 2799 265 2834 eontra
277 2798 370 2843 rigorem
384 2805 491 2839 canonum
500 2808 515 2841 a
883 2788 886 2792 ’
