<?xml version="1.0" encoding="UTF-8"?>
<!DOCTYPE html PUBLIC "-//W3C//DTD XHTML 1.0 Transitional//EN"
    "http://www.w3.org/TR/xhtml1/DTD/xhtml1-transitional.dtd">
<html xmlns="http://www.w3.org/1999/xhtml" xml:lang="en" lang="en">
 <head>
  <title>
</title>
<meta http-equiv="Content-Type" content="text/html;charset=utf-8" />
  <meta name='ocr-system' content='tesseract 3.04.00' />
  <meta name='ocr-capabilities' content='ocr_page ocr_carea ocr_par ocr_line ocrx_word'/>
</head>
<body>
  <div class='ocr_page' id='page_1' title='image "MN42048ucmf_3_0327.png"; bbox 0 0 2139 3277; ppageno 0'>
   <div class='ocr_carea' id='block_1_1' title="bbox 209 407 869 493">
    <p class='ocr_par' dir='ltr' id='par_1_1' title="bbox 209 407 869 493">
     <span class='ocr_line' id='line_1_1' title="bbox 209 407 869 493; baseline -0.009 0"><span class='ocrx_word' id='word_1_1' title='bbox 209 415 412 493; x_wconf 70' lang='lat' dir='ltr'><em>Universitos</em></span> <span class='ocrx_word' id='word_1_2' title='bbox 433 407 824 491; x_wconf 71' lang='grc'><strong>11111111111111111111111</strong></span> <span class='ocrx_word' id='word_1_3' title='bbox 861 446 869 450; x_wconf 56' lang='grc'><em>’</em></span> 
     </span>
    </p>
   </div>
   <div class='ocr_carea' id='block_1_2' title="bbox 37 693 917 814">
    <p class='ocr_par' dir='ltr' id='par_1_2' title="bbox 37 693 917 814">
     <span class='ocr_line' id='line_1_2' title="bbox 51 693 917 751; baseline -0.008 -8"><span class='ocrx_word' id='word_1_4' title='bbox 51 707 54 709; x_wconf 85' lang='grc'><strong>’</strong></span> <span class='ocrx_word' id='word_1_5' title='bbox 118 709 314 744; x_wconf 72' lang='lat' dir='ltr'><strong>&#39;DISSERTATIONES</strong></span> <span class='ocrx_word' id='word_1_6' title='bbox 323 715 353 741; x_wconf 72' lang='lat' dir='ltr'><em>An</em></span> <span class='ocrx_word' id='word_1_7' title='bbox 366 715 458 742; x_wconf 65' lang='lat' dir='ltr'><em>ananan</em></span> <span class='ocrx_word' id='word_1_8' title='bbox 469 714 576 741; x_wconf 79' lang='lat' dir='ltr'><strong>MAGISTRI</strong></span> <span class='ocrx_word' id='word_1_9' title='bbox 587 713 611 739; x_wconf 81' lang='lat' dir='ltr'><em>m</em></span> <span class='ocrx_word' id='word_1_10' title='bbox 623 704 756 738; x_wconf 66' lang='lat' dir='ltr'><em>Fseomms</em></span> <span class='ocrx_word' id='word_1_11' title='bbox 765 693 917 751; x_wconf 53' lang='lat' dir='ltr'><em>&#39;Tnzoioaich</em></span> 
     </span>
     <span class='ocr_line' id='line_1_3' title="bbox 37 767 606 814; baseline -0.019 3"><span class='ocrx_word' id='word_1_12' title='bbox 37 767 40 774; x_wconf 73' lang='lat'><em>.</em></span> <span class='ocrx_word' id='word_1_13' title='bbox 426 780 606 814; x_wconf 71' lang='lat' dir='ltr'><em>consnoonunou</em></span> 
     </span>
    </p>
   </div>
   <div class='ocr_carea' id='block_1_3' title="bbox 413 942 622 995">
    <p class='ocr_par' dir='ltr' id='par_1_3' title="bbox 413 942 622 995">
     <span class='ocr_line' id='line_1_4' title="bbox 413 942 622 995; baseline -0.014 0"><span class='ocrx_word' id='word_1_14' title='bbox 413 958 513 995; x_wconf 67' lang='lat' dir='ltr'><em>somnes</em></span> <span class='ocrx_word' id='word_1_15' title='bbox 531 942 622 994; x_wconf 63' lang='lat' dir='ltr'><em>emon</em></span> 
     </span>
    </p>
   </div>
   <div class='ocr_carea' id='block_1_4' title="bbox 111 1065 949 1121">
    <p class='ocr_par' dir='ltr' id='par_1_4' title="bbox 111 1065 949 1121">
     <span class='ocr_line' id='line_1_5' title="bbox 111 1065 949 1121; baseline -0.006 -6"><span class='ocrx_word' id='word_1_16' title='bbox 111 1079 169 1119; x_wconf 89' lang='grc' dir='ltr'><strong>1.,Α.</strong></span> <span class='ocrx_word' id='word_1_17' title='bbox 182 1078 346 1116; x_wconf 72' lang='lat' dir='ltr'><em>Knnpnnnnns.</em></span> <span class='ocrx_word' id='word_1_18' title='bbox 360 1076 390 1112; x_wconf 89' lang='lat' dir='ltr'><em>De</em></span> <span class='ocrx_word' id='word_1_19' title='bbox 405 1077 495 1112; x_wconf 85' lang='lat' dir='ltr'><em>Romani</em></span> <span class='ocrx_word' id='word_1_20' title='bbox 506 1075 620 1121; x_wconf 75' lang='lat' dir='ltr'><em>Pontijicis</em></span> <span class='ocrx_word' id='word_1_21' title='bbox 632 1074 726 1119; x_wconf 87' lang='lat' dir='ltr'><em>primatu</em></span> <span class='ocrx_word' id='word_1_22' title='bbox 738 1076 821 1120; x_wconf 82' lang='lat' dir='ltr'><em>eiusque</em></span> <span class='ocrx_word' id='word_1_23' title='bbox 834 1065 949 1120; x_wconf 79' lang='lat' dir='ltr'><em>attributis,</em></span> 
     </span>
    </p>
   </div>
   <div class='ocr_carea' id='block_1_5' title="bbox 20 1134 210 1176">
    <p class='ocr_par' dir='ltr' id='par_1_5' title="bbox 20 1134 210 1176">
     <span class='ocr_line' id='line_1_6' title="bbox 20 1134 210 1176; baseline 0.011 -6"><span class='ocrx_word' id='word_1_24' title='bbox 20 1158 29 1163; x_wconf 51' lang='lat'><em>&lt;-</em></span> <span class='ocrx_word' id='word_1_25' title='bbox 78 1174 80 1176; x_wconf 56' lang='grc'><strong>,</strong></span> <span class='ocrx_word' id='word_1_26' title='bbox 151 1134 210 1172; x_wconf 89' lang='grc'>1841.</span> 
     </span>
    </p>
   </div>
   <div class='ocr_carea' id='block_1_6' title="bbox 19 1179 947 1458">
    <p class='ocr_par' dir='ltr' id='par_1_6' title="bbox 19 1179 764 1287">
     <span class='ocr_line' id='line_1_7' title="bbox 110 1179 690 1232; baseline -0.007 -5"><span class='ocrx_word' id='word_1_27' title='bbox 110 1192 129 1229; x_wconf 84' lang='lat'><em>2.</em></span> <span class='ocrx_word' id='word_1_28' title='bbox 144 1191 173 1228; x_wconf 88' lang='lat' dir='ltr'><em>H.</em></span> <span class='ocrx_word' id='word_1_29' title='bbox 181 1191 202 1227; x_wconf 81' lang='lat' dir='ltr'><em>J.</em></span> <span class='ocrx_word' id='word_1_30' title='bbox 211 1190 280 1226; x_wconf 70' lang='lat' dir='ltr'><em>om.</em></span> <span class='ocrx_word' id='word_1_31' title='bbox 291 1189 321 1223; x_wconf 80' lang='lat' dir='ltr'><em>ne</em></span> <span class='ocrx_word' id='word_1_32' title='bbox 328 1189 469 1225; x_wconf 72' lang='lat' dir='ltr'><em>menomenas</em></span> <span class='ocrx_word' id='word_1_33' title='bbox 477 1179 625 1232; x_wconf 56' lang='lat' dir='ltr'><em>micttsglscr.</em></span> <span class='ocrx_word' id='word_1_34' title='bbox 687 1221 690 1223; x_wconf 74' lang='grc'>,</span> 
     </span>
     <span class='ocr_line' id='line_1_8' title="bbox 19 1243 764 1287; baseline -0.004 -3"><span class='ocrx_word' id='word_1_35' title='bbox 19 1269 22 1270; x_wconf 34' lang='lat'><em>⁷</em></span> <span class='ocrx_word' id='word_1_36' title='bbox 110 1248 129 1285; x_wconf 86' lang='lat'><em>3.</em></span> <span class='ocrx_word' id='word_1_37' title='bbox 145 1247 166 1284; x_wconf 89' lang='lat' dir='ltr'><em>C.</em></span> <span class='ocrx_word' id='word_1_38' title='bbox 178 1248 211 1282; x_wconf 75' lang='lat' dir='ltr'><em>DE</em></span> <span class='ocrx_word' id='word_1_39' title='bbox 220 1247 314 1281; x_wconf 76' lang='lat' dir='ltr'><strong>Bmuon.</strong></span> <span class='ocrx_word' id='word_1_40' title='bbox 326 1246 357 1280; x_wconf 89' lang='lat' dir='ltr'><em>De</em></span> <span class='ocrx_word' id='word_1_41' title='bbox 367 1246 448 1281; x_wconf 89' lang='lat' dir='ltr'><em>unitate</em></span> <span class='ocrx_word' id='word_1_42' title='bbox 458 1245 562 1280; x_wconf 81' lang='lat' dir='ltr'><em>Ecclesiae</em></span> <span class='ocrx_word' id='word_1_43' title='bbox 576 1243 693 1287; x_wconf 79' lang='lat' dir='ltr'><em>catholicae,</em></span> <span class='ocrx_word' id='word_1_44' title='bbox 705 1244 764 1281; x_wconf 85' lang='lat'><strong>1847.</strong></span> 
     </span>
    </p>

    <p class='ocr_par' dir='ltr' id='par_1_7' title="bbox 43 1299 655 1352">
     <span class='ocr_line' id='line_1_9' title="bbox 43 1299 655 1352; baseline -0.007 -12"><span class='ocrx_word' id='word_1_45' title='bbox 43 1313 52 1352; x_wconf 51' lang='grc' dir='ltr'>ᾗ</span> <span class='ocrx_word' id='word_1_46' title='bbox 109 1304 129 1340; x_wconf 90' lang='grc'><em>4.</em></span> <span class='ocrx_word' id='word_1_47' title='bbox 143 1304 169 1340; x_wconf 84' lang='lat' dir='ltr'><em>V.</em></span> <span class='ocrx_word' id='word_1_48' title='bbox 179 1303 205 1339; x_wconf 98' lang='lat' dir='ltr'><em>A.</em></span> <span class='ocrx_word' id='word_1_49' title='bbox 216 1302 324 1338; x_wconf 74' lang='lat' dir='ltr'><strong>HoowEN.</strong></span> <span class='ocrx_word' id='word_1_50' title='bbox 337 1302 367 1337; x_wconf 90' lang='lat' dir='ltr'><em>De</em></span> <span class='ocrx_word' id='word_1_51' title='bbox 376 1302 511 1346; x_wconf 77' lang='lat' dir='ltr'><em>parochorum</em></span> <span class='ocrx_word' id='word_1_52' title='bbox 520 1301 585 1344; x_wconf 86' lang='lat' dir='ltr'><em>statu,</em></span> <span class='ocrx_word' id='word_1_53' title='bbox 596 1299 655 1336; x_wconf 78' lang='grc'><strong>1848.</strong></span> 
     </span>
    </p>

    <p class='ocr_par' dir='ltr' id='par_1_8' title="bbox 53 1354 947 1458">
     <span class='ocr_line' id='line_1_10' title="bbox 53 1354 947 1400; baseline -0.006 -5"><span class='ocrx_word' id='word_1_54' title='bbox 53 1378 56 1385; x_wconf 85' lang='grc'><em>·</em></span> <span class='ocrx_word' id='word_1_55' title='bbox 111 1360 129 1396; x_wconf 89' lang='lat'><em>5.</em></span> <span class='ocrx_word' id='word_1_56' title='bbox 145 1360 172 1395; x_wconf 89' lang='lat' dir='ltr'><em>N.</em></span> <span class='ocrx_word' id='word_1_57' title='bbox 184 1359 204 1395; x_wconf 87' lang='grc'><em>1.</em></span> <span class='ocrx_word' id='word_1_58' title='bbox 216 1357 328 1394; x_wconf 59' lang='lat' dir='ltr'><em>Liminis.</em></span> <span class='ocrx_word' id='word_1_59' title='bbox 342 1358 373 1392; x_wconf 90' lang='lat' dir='ltr'><em>Dc</em></span> <span class='ocrx_word' id='word_1_60' title='bbox 383 1358 476 1393; x_wconf 75' lang='lat' dir='ltr'><em>methodo</em></span> <span class='ocrx_word' id='word_1_61' title='bbox 488 1357 599 1400; x_wconf 77' lang='lat' dir='ltr'><em>theolopiae</em></span> <span class='ocrx_word' id='word_1_62' title='bbox 609 1356 651 1391; x_wconf 88' lang='lat' dir='ltr'><em>sioe</em></span> <span class='ocrx_word' id='word_1_63' title='bbox 662 1354 685 1389; x_wconf 84' lang='lat' dir='ltr'><em>de</em></span> <span class='ocrx_word' id='word_1_64' title='bbox 696 1357 819 1391; x_wconf 88' lang='lat' dir='ltr'><em>auctoritate</em></span> <span class='ocrx_word' id='word_1_65' title='bbox 843 1356 947 1394; x_wconf 81' lang='lat' dir='ltr'><em>Ecclesiae</em></span> 
     </span>
     <span class='ocr_line' id='line_1_11' title="bbox 151 1413 751 1458; baseline -0.003 -8"><span class='ocrx_word' id='word_1_66' title='bbox 151 1414 263 1450; x_wconf 89' lang='lat' dir='ltr'><em>catholicae</em></span> <span class='ocrx_word' id='word_1_67' title='bbox 279 1415 384 1458; x_wconf 84' lang='lat' dir='ltr'><em>tamquam</em></span> <span class='ocrx_word' id='word_1_68' title='bbox 397 1414 469 1457; x_wconf 74' lang='lat' dir='ltr'><em>reputa</em></span> <span class='ocrx_word' id='word_1_69' title='bbox 483 1413 535 1458; x_wconf 79' lang='lat' dir='ltr'><em>tidei</em></span> <span class='ocrx_word' id='word_1_70' title='bbox 551 1413 683 1454; x_wconf 73' lang='lat' dir='ltr'><em>christianae,</em></span> <span class='ocrx_word' id='word_1_71' title='bbox 699 1413 751 1448; x_wconf 81' lang='lat'><strong>1849</strong></span> 
     </span>
    </p>
   </div>
   <div class='ocr_carea' id='block_1_7' title="bbox 23 1468 950 1571">
    <p class='ocr_par' dir='ltr' id='par_1_9' title="bbox 23 1468 950 1571">
     <span class='ocr_line' id='line_1_12' title="bbox 44 1468 930 1514; baseline -0.001 -8"><span class='ocrx_word' id='word_1_72' title='bbox 44 1478 52 1505; x_wconf 70' lang='grc' dir='ltr'><strong>ἵ</strong></span> <span class='ocrx_word' id='word_1_73' title='bbox 101 1500 103 1503; x_wconf 95' lang='grc'><strong>.</strong></span> <span class='ocrx_word' id='word_1_74' title='bbox 112 1472 130 1508; x_wconf 97' lang='grc'><em>6.</em></span> <span class='ocrx_word' id='word_1_75' title='bbox 143 1472 184 1513; x_wconf 81' lang='lat' dir='ltr'><em>Pn.</em></span> <span class='ocrx_word' id='word_1_76' title='bbox 192 1471 242 1506; x_wconf 76' lang='lat' dir='ltr'><strong>VAN</strong></span> <span class='ocrx_word' id='word_1_77' title='bbox 251 1470 303 1504; x_wconf 76' lang='lat' dir='ltr'><em>DEN</em></span> <span class='ocrx_word' id='word_1_78' title='bbox 309 1470 410 1507; x_wconf 75' lang='lat' dir='ltr'><em>Bnonoss.</em></span> <span class='ocrx_word' id='word_1_79' title='bbox 421 1470 451 1505; x_wconf 90' lang='lat' dir='ltr'><em>De</em></span> <span class='ocrx_word' id='word_1_80' title='bbox 462 1470 591 1514; x_wconf 88' lang='lat' dir='ltr'><em>theophaniis</em></span> <span class='ocrx_word' id='word_1_81' title='bbox 599 1468 636 1503; x_wconf 86' lang='lat' dir='ltr'><em>sub</em></span> <span class='ocrx_word' id='word_1_82' title='bbox 647 1468 716 1503; x_wconf 88' lang='lat' dir='ltr'><em>Vetere</em></span> <span class='ocrx_word' id='word_1_83' title='bbox 725 1470 862 1512; x_wconf 74' lang='lat' dir='ltr'><em>Testamenta,</em></span> <span class='ocrx_word' id='word_1_84' title='bbox 870 1469 930 1505; x_wconf 90' lang='lat'><strong>1851.</strong></span> 
     </span>
     <span class='ocr_line' id='line_1_13' title="bbox 23 1524 950 1571; baseline -0.004 -8"><span class='ocrx_word' id='word_1_85' title='bbox 23 1545 24 1549; x_wconf 62' lang='lat'><em>=</em></span> <span class='ocrx_word' id='word_1_86' title='bbox 57 1553 65 1557; x_wconf 47' lang='lat'><em>-&gt;</em></span> <span class='ocrx_word' id='word_1_87' title='bbox 111 1528 129 1564; x_wconf 96' lang='lat'><em>7.</em></span> <span class='ocrx_word' id='word_1_88' title='bbox 145 1528 170 1564; x_wconf 89' lang='lat' dir='ltr'><em>A.</em></span> <span class='ocrx_word' id='word_1_89' title='bbox 186 1525 439 1571; x_wconf 73' lang='lat' dir='ltr'><em>HEussn.&#39;Depotestate</em></span> <span class='ocrx_word' id='word_1_90' title='bbox 448 1526 555 1561; x_wconf 87' lang='lat' dir='ltr'><em>statuendi</em></span> <span class='ocrx_word' id='word_1_91' title='bbox 566 1524 713 1570; x_wconf 89' lang='lat' dir='ltr'><em>impedimenta</em></span> <span class='ocrx_word' id='word_1_92' title='bbox 722 1525 844 1561; x_wconf 88' lang='lat' dir='ltr'><em>dirimentia</em></span> <span class='ocrx_word' id='word_1_93' title='bbox 852 1534 889 1570; x_wconf 91' lang='lat' dir='ltr'><em>pra</em></span> <span class='ocrx_word' id='word_1_94' title='bbox 898 1525 950 1570; x_wconf 73' lang='lat' dir='ltr'><em>fide-</em></span> 
     </span>
    </p>
   </div>
   <div class='ocr_carea' id='block_1_8' title="bbox 67 1580 951 2021">
    <p class='ocr_par' dir='ltr' id='par_1_10' title="bbox 154 1580 698 1627">
     <span class='ocr_line' id='line_1_14' title="bbox 154 1580 698 1627; baseline -0.006 -9"><span class='ocrx_word' id='word_1_95' title='bbox 154 1584 206 1620; x_wconf 88' lang='lat' dir='ltr'><em>lium</em></span> <span class='ocrx_word' id='word_1_96' title='bbox 216 1582 359 1618; x_wconf 80' lang='lat' dir='ltr'><em>matrimoniis</em></span> <span class='ocrx_word' id='word_1_97' title='bbox 370 1583 411 1618; x_wconf 90' lang='lat' dir='ltr'><em>soli</em></span> <span class='ocrx_word' id='word_1_98' title='bbox 423 1583 528 1617; x_wconf 83' lang='lat' dir='ltr'><em>Ecclesiae</em></span> <span class='ocrx_word' id='word_1_99' title='bbox 539 1583 633 1627; x_wconf 85' lang='lat' dir='ltr'><em>propria,</em></span> <span class='ocrx_word' id='word_1_100' title='bbox 646 1580 698 1616; x_wconf 88' lang='lat'>1851</span> 
     </span>
    </p>

    <p class='ocr_par' dir='ltr' id='par_1_11' title="bbox 112 1637 951 1738">
     <span class='ocr_line' id='line_1_15' title="bbox 112 1637 951 1677; baseline -0.004 -2"><span class='ocrx_word' id='word_1_101' title='bbox 112 1641 132 1677; x_wconf 89' lang='grc'><em>8.</em></span> <span class='ocrx_word' id='word_1_102' title='bbox 147 1640 170 1676; x_wconf 91' lang='lat' dir='ltr'><em>F.</em></span> <span class='ocrx_word' id='word_1_103' title='bbox 185 1639 206 1676; x_wconf 86' lang='lat' dir='ltr'><em>J.</em></span> <span class='ocrx_word' id='word_1_104' title='bbox 222 1639 302 1674; x_wconf 77' lang='lat' dir='ltr'><strong>JADOT.</strong></span> <span class='ocrx_word' id='word_1_105' title='bbox 317 1638 406 1674; x_wconf 88' lang='lat' dir='ltr'><em>Patrum</em></span> <span class='ocrx_word' id='word_1_106' title='bbox 421 1640 603 1674; x_wconf 87' lang='lat' dir='ltr'><em>antenicoenarum</em></span> <span class='ocrx_word' id='word_1_107' title='bbox 617 1637 641 1671; x_wconf 91' lang='lat' dir='ltr'><em>de</em></span> <span class='ocrx_word' id='word_1_108' title='bbox 659 1637 718 1673; x_wconf 76' lang='lat' dir='ltr'><em>Vena</em></span> <span class='ocrx_word' id='word_1_109' title='bbox 733 1637 951 1674; x_wconf 78' lang='lat' dir='ltr'><em>consubstantialitate</em></span> 
     </span>
     <span class='ocr_line' id='line_1_16' title="bbox 152 1693 326 1738; baseline 0.011 -9"><span class='ocrx_word' id='word_1_110' title='bbox 152 1695 253 1738; x_wconf 87' lang='lat' dir='ltr'><em>doctrina,</em></span> <span class='ocrx_word' id='word_1_111' title='bbox 267 1693 326 1731; x_wconf 89' lang='grc'><strong>1857.</strong></span> 
     </span>
    </p>

    <p class='ocr_par' dir='ltr' id='par_1_12' title="bbox 67 1749 951 1795">
     <span class='ocr_line' id='line_1_17' title="bbox 67 1749 951 1795; baseline -0.003 -8"><span class='ocrx_word' id='word_1_112' title='bbox 67 1790 69 1792; x_wconf 59' lang='grc'>,</span> <span class='ocrx_word' id='word_1_113' title='bbox 113 1752 132 1789; x_wconf 98' lang='lat'><em>9.</em></span> <span class='ocrx_word' id='word_1_114' title='bbox 147 1752 186 1788; x_wconf 79' lang='grc' dir='ltr'><em>ΤΗ.</em></span> <span class='ocrx_word' id='word_1_115' title='bbox 197 1751 217 1788; x_wconf 87' lang='lat' dir='ltr'><em>J.</em></span> <span class='ocrx_word' id='word_1_116' title='bbox 227 1751 301 1787; x_wconf 73' lang='lat' dir='ltr'><strong>LAMY.</strong></span> <span class='ocrx_word' id='word_1_117' title='bbox 312 1750 343 1784; x_wconf 89' lang='lat' dir='ltr'><em>De</em></span> <span class='ocrx_word' id='word_1_118' title='bbox 353 1751 452 1794; x_wconf 82' lang='lat' dir='ltr'><em>Syrorum</em></span> <span class='ocrx_word' id='word_1_119' title='bbox 460 1750 502 1795; x_wconf 75' lang='lat' dir='ltr'><em>tide</em></span> <span class='ocrx_word' id='word_1_120' title='bbox 512 1752 531 1785; x_wconf 95' lang='lat' dir='ltr'><em>et</em></span> <span class='ocrx_word' id='word_1_121' title='bbox 540 1750 655 1795; x_wconf 84' lang='lat' dir='ltr'><em>disciplina</em></span> <span class='ocrx_word' id='word_1_122' title='bbox 666 1749 717 1785; x_wconf 92' lang='lat' dir='ltr'><em>inre</em></span> <span class='ocrx_word' id='word_1_123' title='bbox 727 1750 864 1786; x_wconf 86' lang='lat' dir='ltr'><em>eucharistica</em></span> <span class='ocrx_word' id='word_1_124' title='bbox 873 1759 878 1793; x_wconf 89' lang='lat'>;</span> <span class='ocrx_word' id='word_1_125' title='bbox 897 1759 951 1785; x_wconf 87' lang='lat' dir='ltr'><em>acce-</em></span> 
     </span>
    </p>

    <p class='ocr_par' dir='ltr' id='par_1_13' title="bbox 117 1804 951 1851">
     <span class='ocr_line' id='line_1_18' title="bbox 117 1804 951 1851; baseline -0.001 -9"><span class='ocrx_word' id='word_1_126' title='bbox 117 1804 119 1806; x_wconf 71' lang='grc'>’</span> <span class='ocrx_word' id='word_1_127' title='bbox 153 1807 206 1842; x_wconf 89' lang='lat' dir='ltr'><em>dunt</em></span> <span class='ocrx_word' id='word_1_128' title='bbox 223 1806 295 1842; x_wconf 88' lang='lat' dir='ltr'><em>ueteris</em></span> <span class='ocrx_word' id='word_1_129' title='bbox 312 1807 407 1842; x_wconf 89' lang='lat' dir='ltr'><em>ecclesiae</em></span> <span class='ocrx_word' id='word_1_130' title='bbox 422 1808 514 1851; x_wconf 80' lang='lat' dir='ltr'><em>syriacae</em></span> <span class='ocrx_word' id='word_1_131' title='bbox 530 1807 665 1842; x_wconf 87' lang='lat' dir='ltr'><em>monumenta</em></span> <span class='ocrx_word' id='word_1_132' title='bbox 681 1806 735 1850; x_wconf 87' lang='lat' dir='ltr'><em>duo;</em></span> <span class='ocrx_word' id='word_1_133' title='bbox 754 1807 842 1842; x_wconf 85' lang='lat' dir='ltr'><em>Ioannis</em></span> <span class='ocrx_word' id='word_1_134' title='bbox 859 1806 951 1842; x_wconf 86' lang='lat' dir='ltr'><em>Telensis</em></span> 
     </span>
    </p>

    <p class='ocr_par' dir='ltr' id='par_1_14' title="bbox 153 1861 951 1963">
     <span class='ocr_line' id='line_1_19' title="bbox 153 1861 951 1908; baseline -0.001 -10"><span class='ocrx_word' id='word_1_135' title='bbox 153 1862 289 1898; x_wconf 85' lang='lat' dir='ltr'><em>resolutiones</em></span> <span class='ocrx_word' id='word_1_136' title='bbox 300 1871 356 1898; x_wconf 87' lang='lat' dir='ltr'><em>nunc</em></span> <span class='ocrx_word' id='word_1_137' title='bbox 365 1863 458 1908; x_wconf 86' lang='lat' dir='ltr'><em>primum</em></span> <span class='ocrx_word' id='word_1_138' title='bbox 469 1863 534 1898; x_wconf 86' lang='lat' dir='ltr'><em>editae</em></span> <span class='ocrx_word' id='word_1_139' title='bbox 546 1865 566 1898; x_wconf 95' lang='lat' dir='ltr'><em>et</em></span> <span class='ocrx_word' id='word_1_140' title='bbox 578 1863 641 1898; x_wconf 86' lang='lat' dir='ltr'><em>latine</em></span> <span class='ocrx_word' id='word_1_141' title='bbox 651 1861 742 1898; x_wconf 84' lang='lat' dir='ltr'><em>redditae</em></span> <span class='ocrx_word' id='word_1_142' title='bbox 752 1873 757 1906; x_wconf 83' lang='lat'>3</span> <span class='ocrx_word' id='word_1_143' title='bbox 770 1862 840 1899; x_wconf 85' lang='lat' dir='ltr'><em>lacohi</em></span> <span class='ocrx_word' id='word_1_144' title='bbox 852 1862 951 1898; x_wconf 88' lang='lat' dir='ltr'><em>Edesseni</em></span> 
     </span>
     <span class='ocr_line' id='line_1_20' title="bbox 153 1918 822 1963; baseline 0.001 -9"><span class='ocrx_word' id='word_1_145' title='bbox 153 1919 289 1954; x_wconf 88' lang='lat' dir='ltr'><em>resolutiones</em></span> <span class='ocrx_word' id='word_1_146' title='bbox 302 1920 412 1954; x_wconf 80' lang='lat' dir='ltr'><em>canonicae</em></span> <span class='ocrx_word' id='word_1_147' title='bbox 424 1920 502 1963; x_wconf 75' lang='lat' dir='ltr'><em>syriace</em></span> <span class='ocrx_word' id='word_1_148' title='bbox 514 1929 561 1955; x_wconf 90' lang='lat' dir='ltr'><em>cum</em></span> <span class='ocrx_word' id='word_1_149' title='bbox 572 1920 662 1954; x_wconf 88' lang='lat' dir='ltr'><em>uersione</em></span> <span class='ocrx_word' id='word_1_150' title='bbox 676 1918 750 1963; x_wconf 78' lang='lat' dir='ltr'><em>latino,</em></span> <span class='ocrx_word' id='word_1_151' title='bbox 763 1920 822 1956; x_wconf 88' lang='lat'><strong>1859.</strong></span> 
     </span>
    </p>

    <p class='ocr_par' dir='ltr' id='par_1_15' title="bbox 100 1975 925 2021">
     <span class='ocr_line' id='line_1_21' title="bbox 100 1975 925 2021; baseline 0 -9"><span class='ocrx_word' id='word_1_152' title='bbox 100 1976 132 2013; x_wconf 87' lang='lat'><em>19.</em></span> <span class='ocrx_word' id='word_1_153' title='bbox 147 1976 173 2012; x_wconf 89' lang='lat' dir='ltr'><em>A.</em></span> <span class='ocrx_word' id='word_1_154' title='bbox 187 1976 208 2013; x_wconf 86' lang='grc'><em>1.</em></span> <span class='ocrx_word' id='word_1_155' title='bbox 222 1975 317 2017; x_wconf 61' lang='lat' dir='ltr'><em>Luam,</em></span> <span class='ocrx_word' id='word_1_156' title='bbox 334 1975 482 2020; x_wconf 86' lang='lat' dir='ltr'><em>Interpretatto</em></span> <span class='ocrx_word' id='word_1_157' title='bbox 496 1976 597 2021; x_wconf 87' lang='lat' dir='ltr'><em>epistotae</em></span> <span class='ocrx_word' id='word_1_158' title='bbox 611 1975 722 2010; x_wconf 86' lang='lat' dir='ltr'><em>catholicae</em></span> <span class='ocrx_word' id='word_1_159' title='bbox 735 1977 758 2013; x_wconf 87' lang='lat' dir='ltr'><em>S.</em></span> <span class='ocrx_word' id='word_1_160' title='bbox 774 1975 850 2019; x_wconf 85' lang='lat' dir='ltr'><em>Iacchi,</em></span> <span class='ocrx_word' id='word_1_161' title='bbox 866 1975 925 2012; x_wconf 81' lang='lat'><strong>1869.</strong></span> 
     </span>
    </p>
   </div>
   <div class='ocr_carea' id='block_1_9' title="bbox 46 2031 928 2077">
    <p class='ocr_par' dir='ltr' id='par_1_16' title="bbox 46 2031 928 2077">
     <span class='ocr_line' id='line_1_22' title="bbox 46 2031 928 2077; baseline -0.003 -8"><span class='ocrx_word' id='word_1_162' title='bbox 46 2046 47 2051; x_wconf 54' lang='lat'>¹</span> <span class='ocrx_word' id='word_1_163' title='bbox 97 2032 133 2070; x_wconf 87' lang='lat'><em>11.</em></span> <span class='ocrx_word' id='word_1_164' title='bbox 150 2032 175 2069; x_wconf 90' lang='lat' dir='ltr'><strong>A.</strong></span> <span class='ocrx_word' id='word_1_165' title='bbox 190 2032 210 2068; x_wconf 88' lang='lat' dir='ltr'><em>C.</em></span> <span class='ocrx_word' id='word_1_166' title='bbox 225 2031 254 2067; x_wconf 92' lang='lat' dir='ltr'><em>M.</em></span> <span class='ocrx_word' id='word_1_167' title='bbox 266 2031 315 2067; x_wconf 80' lang='lat' dir='ltr'><strong>VAN</strong></span> <span class='ocrx_word' id='word_1_168' title='bbox 332 2031 450 2069; x_wconf 78' lang='lat' dir='ltr'><strong>GAMEREN.</strong></span> <span class='ocrx_word' id='word_1_169' title='bbox 465 2032 497 2067; x_wconf 85' lang='lat' dir='ltr'><em>De</em></span> <span class='ocrx_word' id='word_1_170' title='bbox 511 2032 610 2067; x_wconf 90' lang='lat' dir='ltr'><em>oratoriis</em></span> <span class='ocrx_word' id='word_1_171' title='bbox 622 2031 714 2076; x_wconf 82' lang='lat' dir='ltr'><em>puhlicis</em></span> <span class='ocrx_word' id='word_1_172' title='bbox 726 2035 746 2067; x_wconf 89' lang='lat' dir='ltr'><em>et</em></span> <span class='ocrx_word' id='word_1_173' title='bbox 757 2033 855 2077; x_wconf 81' lang='lat' dir='ltr'><em>priuatis,</em></span> <span class='ocrx_word' id='word_1_174' title='bbox 868 2031 928 2068; x_wconf 79' lang='lat'><strong>1861.</strong></span> 
     </span>
    </p>
   </div>
   <div class='ocr_carea' id='block_1_10' title="bbox 86 2086 953 2186">
    <p class='ocr_par' dir='ltr' id='par_1_17' title="bbox 86 2086 953 2186">
     <span class='ocr_line' id='line_1_23' title="bbox 101 2086 953 2177; baseline -0.004 -53"><span class='ocrx_word' id='word_1_175' title='bbox 101 2088 132 2125; x_wconf 93' lang='lat'><em>12.</em></span> <span class='ocrx_word' id='word_1_176' title='bbox 147 2088 173 2125; x_wconf 91' lang='lat' dir='ltr'><em>E.</em></span> <span class='ocrx_word' id='word_1_177' title='bbox 191 2087 219 2138; x_wconf 84' lang='lat' dir='ltr'><em>H.</em></span> <span class='ocrx_word' id='word_1_178' title='bbox 237 2086 402 2177; x_wconf 51' lang='lat' dir='ltr'><em>Jiggfflssms‘</em></span> <span class='ocrx_word' id='word_1_179' title='bbox 420 2089 534 2132; x_wconf 72' lang='lat' dir='ltr'><em>Syntapma</em></span> <span class='ocrx_word' id='word_1_180' title='bbox 551 2088 656 2123; x_wconf 88' lang='lat' dir='ltr'><em>doctrinae</em></span> <span class='ocrx_word' id='word_1_181' title='bbox 673 2088 784 2124; x_wconf 87' lang='lat' dir='ltr'><em>catholicae</em></span> <span class='ocrx_word' id='word_1_182' title='bbox 802 2088 894 2124; x_wconf 89' lang='lat' dir='ltr'><em>Adriani</em></span> <span class='ocrx_word' id='word_1_183' title='bbox 914 2087 953 2131; x_wconf 88' lang='lat' dir='ltr'><em>VI,</em></span> 
     </span>
     <span class='ocr_line' id='line_1_24' title="bbox 86 2143 309 2186; baseline 0 -7"><span class='ocrx_word' id='word_1_184' title='bbox 86 2157 87 2160; x_wconf 43' lang='lat'>¹</span> <span class='ocrx_word' id='word_1_185' title='bbox 153 2144 178 2182; x_wconf 93' lang='lat' dir='ltr'><em>P.</em></span> <span class='ocrx_word' id='word_1_186' title='bbox 191 2143 230 2186; x_wconf 73' lang='lat' dir='ltr'><em>M.</em></span> <span class='ocrx_word' id='word_1_187' title='bbox 304 2169 309 2179; x_wconf 91' lang='grc'><em>.</em></span> 
     </span>
    </p>
   </div>
   <div class='ocr_carea' id='block_1_11' title="bbox 20 2199 949 2355">
    <p class='ocr_par' dir='ltr' id='par_1_18' title="bbox 20 2199 942 2351">
     <span class='ocr_line' id='line_1_25' title="bbox 27 2199 748 2245; baseline 0.007 -12"><span class='ocrx_word' id='word_1_188' title='bbox 27 2230 28 2233; x_wconf 75' lang='grc'>,</span> <span class='ocrx_word' id='word_1_189' title='bbox 101 2200 133 2237; x_wconf 89' lang='grc'><em>13.</em></span> <span class='ocrx_word' id='word_1_190' title='bbox 149 2199 172 2237; x_wconf 92' lang='lat' dir='ltr'><em>F.</em></span> <span class='ocrx_word' id='word_1_191' title='bbox 184 2200 205 2236; x_wconf 87' lang='grc'><em>1.</em></span> <span class='ocrx_word' id='word_1_192' title='bbox 218 2199 336 2236; x_wconf 71' lang='lat' dir='ltr'><strong>Momm.</strong></span> <span class='ocrx_word' id='word_1_193' title='bbox 350 2199 381 2234; x_wconf 90' lang='lat' dir='ltr'><em>De</em></span> <span class='ocrx_word' id='word_1_194' title='bbox 393 2200 502 2245; x_wconf 82' lang='lat' dir='ltr'><em>sepultura</em></span> <span class='ocrx_word' id='word_1_195' title='bbox 513 2201 532 2235; x_wconf 92' lang='lat' dir='ltr'><em>et</em></span> <span class='ocrx_word' id='word_1_196' title='bbox 544 2199 676 2242; x_wconf 88' lang='lat' dir='ltr'><em>coemeteriis,</em></span> <span class='ocrx_word' id='word_1_197' title='bbox 688 2200 748 2238; x_wconf 88' lang='lat'><strong>1862.</strong></span> 
     </span>
     <span class='ocr_line' id='line_1_26' title="bbox 20 2254 708 2302; baseline 0.001 -11"><span class='ocrx_word' id='word_1_198' title='bbox 20 2293 25 2302; x_wconf 71' lang='lat'><em>„</em></span> <span class='ocrx_word' id='word_1_199' title='bbox 101 2256 132 2293; x_wconf 83' lang='lat'><em>14.</em></span> <span class='ocrx_word' id='word_1_200' title='bbox 148 2256 172 2293; x_wconf 93' lang='lat' dir='ltr'><em>L.</em></span> <span class='ocrx_word' id='word_1_201' title='bbox 188 2255 277 2292; x_wconf 77' lang='lat' dir='ltr'><strong>Hnnnv.</strong></span> <span class='ocrx_word' id='word_1_202' title='bbox 293 2254 323 2289; x_wconf 88' lang='lat' dir='ltr'><em>De</em></span> <span class='ocrx_word' id='word_1_203' title='bbox 336 2256 448 2291; x_wconf 80' lang='lat' dir='ltr'><em>residentia</em></span> <span class='ocrx_word' id='word_1_204' title='bbox 461 2256 636 2301; x_wconf 72' lang='lat' dir='ltr'><em>beneficiatorum,</em></span> <span class='ocrx_word' id='word_1_205' title='bbox 650 2255 708 2294; x_wconf 85' lang='grc'><strong>1863.</strong></span> 
     </span>
     <span class='ocr_line' id='line_1_27' title="bbox 48 2311 949 2355; baseline 0 -7"><span class='ocrx_word' id='word_1_206' title='bbox 48 2316 52 2351; x_wconf 73' lang='grc' dir='ltr'>ἴ</span> <span class='ocrx_word' id='word_1_207' title='bbox 101 2312 133 2349; x_wconf 88' lang='lat'><em>15.</em></span> <span class='ocrx_word' id='word_1_208' title='bbox 149 2311 206 2349; x_wconf 87' lang='lat' dir='ltr'><strong>C..M</strong></span> <span class='ocrx_word' id='word_1_209' title='bbox 214 2311 249 2346; x_wconf 76' lang='lat' dir='ltr'><em>DE</em></span> <span class='ocrx_word' id='word_1_210' title='bbox 256 2311 367 2355; x_wconf 73' lang='lat' dir='ltr'><em>Romano,</em></span> <span class='ocrx_word' id='word_1_211' title='bbox 376 2312 407 2347; x_wconf 90' lang='lat' dir='ltr'><em>De</em></span> <span class='ocrx_word' id='word_1_212' title='bbox 414 2313 458 2347; x_wconf 89' lang='lat' dir='ltr'><em>iure</em></span> <span class='ocrx_word' id='word_1_213' title='bbox 465 2313 570 2348; x_wconf 87' lang='lat' dir='ltr'><em>Ecclesiae</em></span> <span class='ocrx_word' id='word_1_214' title='bbox 578 2312 881 2354; x_wconf 82' lang='lat' dir='ltr'><em>inuniversitatesstudiorum</em></span> <span class='ocrx_word' id='word_1_215' title='bbox 889 2311 949 2350; x_wconf 88' lang='grc'><strong>1864.</strong></span> 
     </span>
    </p>
   </div>
   <div class='ocr_carea' id='block_1_12' title="bbox 90 2367 821 2413">
    <p class='ocr_par' dir='ltr' id='par_1_19' title="bbox 90 2367 821 2413">
     <span class='ocr_line' id='line_1_28' title="bbox 90 2367 821 2413; baseline 0 -9"><span class='ocrx_word' id='word_1_216' title='bbox 90 2368 133 2405; x_wconf 87' lang='lat'><em>16.</em></span> <span class='ocrx_word' id='word_1_217' title='bbox 147 2368 173 2405; x_wconf 92' lang='lat' dir='ltr'><em>A.</em></span> <span class='ocrx_word' id='word_1_218' title='bbox 183 2367 204 2404; x_wconf 88' lang='grc'><em>1.</em></span> <span class='ocrx_word' id='word_1_219' title='bbox 214 2367 235 2403; x_wconf 85' lang='lat' dir='ltr'><em>J.</em></span> <span class='ocrx_word' id='word_1_220' title='bbox 247 2367 329 2404; x_wconf 69' lang='lat' dir='ltr'><strong>Hsms.</strong></span> <span class='ocrx_word' id='word_1_221' title='bbox 342 2368 754 2413; x_wconf 65' lang='lat' dir='ltr'><em>Dehyperduliaeiusquesundamenta</em></span> <span class='ocrx_word' id='word_1_222' title='bbox 728 2369 821 2406; x_wconf 86' lang='grc'><strong>11864.</strong></span> 
     </span>
    </p>
   </div>
   <div class='ocr_carea' id='block_1_13' title="bbox 32 2423 953 2494">
    <p class='ocr_par' dir='ltr' id='par_1_20' title="bbox 32 2423 953 2494">
     <span class='ocr_line' id='line_1_29' title="bbox 32 2423 953 2494; baseline -0.001 -34"><span class='ocrx_word' id='word_1_223' title='bbox 32 2438 36 2441; x_wconf 58' lang='lat'><em>„</em></span> <span class='ocrx_word' id='word_1_224' title='bbox 101 2424 132 2462; x_wconf 93' lang='lat'><em>17.</em></span> <span class='ocrx_word' id='word_1_225' title='bbox 147 2424 181 2461; x_wconf 92' lang='lat' dir='ltr'><em>A.</em></span> <span class='ocrx_word' id='word_1_226' title='bbox 187 2424 212 2460; x_wconf 92' lang='grc' dir='ltr'><em>Β.</em></span> <span class='ocrx_word' id='word_1_227' title='bbox 226 2423 276 2459; x_wconf 79' lang='lat' dir='ltr'><strong>VAN</strong></span> <span class='ocrx_word' id='word_1_228' title='bbox 289 2432 335 2458; x_wconf 71' lang='lat' dir='ltr'><em>nnn</em></span> <span class='ocrx_word' id='word_1_229' title='bbox 350 2424 455 2462; x_wconf 65' lang='lat' dir='ltr'><em>Monam.</em></span> <span class='ocrx_word' id='word_1_230' title='bbox 472 2425 503 2486; x_wconf 84' lang='lat' dir='ltr'><em>Dc</em></span> <span class='ocrx_word' id='word_1_231' title='bbox 517 2425 647 2494; x_wconf 86' lang='lat' dir='ltr'><em>processione</em></span> <span class='ocrx_word' id='word_1_232' title='bbox 662 2424 756 2469; x_wconf 86' lang='lat' dir='ltr'><em>Spiritus</em></span> <span class='ocrx_word' id='word_1_233' title='bbox 771 2426 839 2461; x_wconf 85' lang='lat' dir='ltr'><em>sancti</em></span> <span class='ocrx_word' id='word_1_234' title='bbox 853 2435 877 2460; x_wconf 79' lang='lat' dir='ltr'><em>ex</em></span> <span class='ocrx_word' id='word_1_235' title='bbox 889 2425 953 2461; x_wconf 88' lang='lat' dir='ltr'><em>Patre</em></span> 
     </span>
    </p>
   </div>
   <div class='ocr_carea' id='block_1_14' title="bbox 153 2478 326 2534">
    <p class='ocr_par' dir='ltr' id='par_1_21' title="bbox 153 2478 326 2534">
     <span class='ocr_line' id='line_1_30' title="bbox 153 2478 326 2534; baseline -0.012 -19"><span class='ocrx_word' id='word_1_236' title='bbox 153 2480 257 2534; x_wconf 84' lang='lat' dir='ltr'><em>Filioque,</em></span> <span class='ocrx_word' id='word_1_237' title='bbox 274 2478 326 2514; x_wconf 89' lang='lat'><strong>1865</strong></span> 
     </span>
    </p>
   </div>
   <div class='ocr_carea' id='block_1_15' title="bbox 43 2535 953 2582">
    <p class='ocr_par' dir='ltr' id='par_1_22' title="bbox 8 2516 953 2582">
     <span class='ocr_line' id='line_1_31' title="bbox 43 2535 953 2582; baseline 0.001 -10.963"><span class='ocrx_word' id='word_1_238' title='bbox 43 2548 50 2558; x_wconf 83' lang='lat'>=</span> <span class='ocrx_word' id='word_1_239' title='bbox 101 2535 132 2574; x_wconf 90' lang='lat'><em>18.</em></span> <span class='ocrx_word' id='word_1_240' title='bbox 150 2535 174 2573; x_wconf 94' lang='lat' dir='ltr'><em>F.</em></span> <span class='ocrx_word' id='word_1_241' title='bbox 187 2536 208 2572; x_wconf 87' lang='lat' dir='ltr'><em>J.</em></span> <span class='ocrx_word' id='word_1_242' title='bbox 222 2535 341 2574; x_wconf 70' lang='lat' dir='ltr'><em>Dsunnur.</em></span> <span class='ocrx_word' id='word_1_243' title='bbox 365 2536 396 2571; x_wconf 91' lang='lat' dir='ltr'><em>De</em></span> <span class='ocrx_word' id='word_1_244' title='bbox 409 2537 487 2581; x_wconf 80' lang='lat' dir='ltr'><em>aripinc</em></span> <span class='ocrx_word' id='word_1_245' title='bbox 500 2537 662 2581; x_wconf 75' lang='lat' dir='ltr'><em>annpeliorum</em></span> <span class='ocrx_word' id='word_1_246' title='bbox 673 2536 735 2582; x_wconf 85' lang='lat' dir='ltr'><em>deque</em></span> <span class='ocrx_word' id='word_1_247' title='bbox 747 2547 817 2574; x_wconf 89' lang='lat' dir='ltr'><em>carum</em></span> <span class='ocrx_word' id='word_1_248' title='bbox 830 2538 953 2573; x_wconf 86' lang='lat' dir='ltr'><em>auctoritate</em></span> 
     </span>
    </p>
   </div>
   <div class='ocr_carea' id='block_1_16' title="bbox 153 2587 371 2634">
    <p class='ocr_par' dir='ltr' id='par_1_23' title="bbox 153 2587 371 2634">
     <span class='ocr_line' id='line_1_32' title="bbox 153 2587 371 2634; baseline -0.005 -8"><span class='ocrx_word' id='word_1_249' title='bbox 153 2591 259 2634; x_wconf 85' lang='lat' dir='ltr'><em>historica,</em></span> <span class='ocrx_word' id='word_1_250' title='bbox 272 2590 332 2629; x_wconf 91' lang='grc'><strong>1865,</strong></span> <span class='ocrx_word' id='word_1_251' title='bbox 369 2587 371 2589; x_wconf 77' lang='grc'><strong>’</strong></span> 
     </span>
    </p>
   </div>
   <div class='ocr_carea' id='block_1_17' title="bbox 4 2647 953 2810">
    <p class='ocr_par' dir='ltr' id='par_1_24' title="bbox 4 2632 953 2810">
     <span class='ocr_line' id='line_1_33' title="bbox 101 2647 953 2694; baseline 0.002 -10.819"><span class='ocrx_word' id='word_1_252' title='bbox 101 2648 133 2685; x_wconf 86' lang='grc'><em>19.</em></span> <span class='ocrx_word' id='word_1_253' title='bbox 148 2647 169 2685; x_wconf 84' lang='lat' dir='ltr'><em>J.</em></span> <span class='ocrx_word' id='word_1_254' title='bbox 179 2647 204 2684; x_wconf 93' lang='lat' dir='ltr'><em>B.</em></span> <span class='ocrx_word' id='word_1_255' title='bbox 210 2647 342 2685; x_wconf 72' lang='lat' dir='ltr'><em>Anmoos.</em></span> <span class='ocrx_word' id='word_1_256' title='bbox 357 2648 387 2683; x_wconf 92' lang='lat' dir='ltr'><em>De</em></span> <span class='ocrx_word' id='word_1_257' title='bbox 400 2648 442 2684; x_wconf 77' lang='lat' dir='ltr'><em>urta</em></span> <span class='ocrx_word' id='word_1_258' title='bbox 453 2651 473 2684; x_wconf 91' lang='lat' dir='ltr'><em>et</em></span> <span class='ocrx_word' id='word_1_259' title='bbox 482 2650 567 2694; x_wconf 79' lang='lat' dir='ltr'><em>scriptis</em></span> <span class='ocrx_word' id='word_1_260' title='bbox 578 2649 646 2685; x_wconf 77' lang='lat' dir='ltr'><em>sancti</em></span> <span class='ocrx_word' id='word_1_261' title='bbox 658 2648 734 2694; x_wconf 84' lang='lat' dir='ltr'><em>Iacchi,</em></span> <span class='ocrx_word' id='word_1_262' title='bbox 746 2651 865 2686; x_wconf 87' lang='lat' dir='ltr'><em>Bonorum</em></span> <span class='ocrx_word' id='word_1_263' title='bbox 876 2649 953 2694; x_wconf 75' lang='lat' dir='ltr'><em>Saruoi</em></span> 
     </span>
     <span class='ocr_line' id='line_1_34' title="bbox 7 2695 526 2750; baseline 0.01 -14"><span class='ocrx_word' id='word_1_264' title='bbox 7 2704 8 2708; x_wconf 76' lang='grc'>’</span> <span class='ocrx_word' id='word_1_265' title='bbox 24 2717 26 2719; x_wconf 88' lang='grc'><em>·</em></span> <span class='ocrx_word' id='word_1_266' title='bbox 101 2743 103 2746; x_wconf 21' lang='lat'><strong>⁴</strong></span> <span class='ocrx_word' id='word_1_267' title='bbox 119 2738 120 2741; x_wconf 66' lang='grc'>,</span> <span class='ocrx_word' id='word_1_268' title='bbox 155 2703 177 2738; x_wconf 90' lang='lat' dir='ltr'><em>in</em></span> <span class='ocrx_word' id='word_1_269' title='bbox 189 2695 343 2748; x_wconf 88' lang='lat' dir='ltr'><em>Mesopotamia</em></span> <span class='ocrx_word' id='word_1_270' title='bbox 355 2705 454 2750; x_wconf 87' lang='lat' dir='ltr'><em>episcopi,</em></span> <span class='ocrx_word' id='word_1_271' title='bbox 467 2705 526 2743; x_wconf 86' lang='grc'><strong>1867.</strong></span> 
     </span>
     <span class='ocr_line' id='line_1_35' title="bbox 4 2758 951 2810; baseline 0.003 -15"><span class='ocrx_word' id='word_1_272' title='bbox 4 2764 7 2767; x_wconf 82' lang='grc'><strong>“</strong></span> <span class='ocrx_word' id='word_1_273' title='bbox 61 2803 79 2810; x_wconf 62' lang='lat'><em>,.</em></span> <span class='ocrx_word' id='word_1_274' title='bbox 100 2760 133 2797; x_wconf 86' lang='lat'><em>26.</em></span> <span class='ocrx_word' id='word_1_275' title='bbox 148 2760 174 2797; x_wconf 89' lang='lat' dir='ltr'><em>A.</em></span> <span class='ocrx_word' id='word_1_276' title='bbox 182 2760 232 2796; x_wconf 71' lang='lat' dir='ltr'><em>Vm</em></span> <span class='ocrx_word' id='word_1_277' title='bbox 240 2758 389 2797; x_wconf 70' lang='lat' dir='ltr'><em>Wnnmnoms.</em></span> <span class='ocrx_word' id='word_1_278' title='bbox 400 2761 430 2796; x_wconf 90' lang='lat' dir='ltr'><em>De</em></span> <span class='ocrx_word' id='word_1_279' title='bbox 438 2762 540 2797; x_wconf 77' lang='lat' dir='ltr'><em>miraculo</em></span> <span class='ocrx_word' id='word_1_280' title='bbox 548 2761 610 2806; x_wconf 82' lang='lat' dir='ltr'><em>deque</em></span> <span class='ocrx_word' id='word_1_281' title='bbox 618 2770 663 2798; x_wconf 86' lang='lat' dir='ltr'><em>erus</em></span> <span class='ocrx_word' id='word_1_282' title='bbox 672 2771 694 2797; x_wconf 86' lang='lat' dir='ltr'><em>m</em></span> <span class='ocrx_word' id='word_1_283' title='bbox 701 2763 817 2799; x_wconf 72' lang='lat' dir='ltr'><em>christiana</em></span> <span class='ocrx_word' id='word_1_284' title='bbox 824 2762 951 2799; x_wconf 88' lang='lat' dir='ltr'><em>demonstra</em></span> 
     </span>
    </p>
   </div>
   <div class='ocr_carea' id='block_1_18' title="bbox 155 2815 436 2860">
    <p class='ocr_par' dir='ltr' id='par_1_25' title="bbox 155 2815 436 2860">
     <span class='ocr_line' id='line_1_36' title="bbox 155 2815 436 2860; baseline 0.004 -9"><span class='ocrx_word' id='word_1_285' title='bbox 155 2815 209 2851; x_wconf 88' lang='lat' dir='ltr'><em>tione</em></span> <span class='ocrx_word' id='word_1_286' title='bbox 220 2825 260 2851; x_wconf 90' lang='lat' dir='ltr'><em>asu</em></span> <span class='ocrx_word' id='word_1_287' title='bbox 270 2816 374 2860; x_wconf 77' lang='lat' dir='ltr'><em>alvatere,</em></span> <span class='ocrx_word' id='word_1_288' title='bbox 384 2817 436 2852; x_wconf 89' lang='lat'><strong>1869</strong></span> 
     </span>
    </p>
   </div>
   <div class='ocr_carea' id='block_1_19' title="bbox 23 2867 949 2943">
    <p class='ocr_par' dir='ltr' id='par_1_26' title="bbox 23 2867 949 2943">
     <span class='ocr_line' id='line_1_37' title="bbox 23 2867 949 2943; baseline 0.005 -37"><span class='ocrx_word' id='word_1_289' title='bbox 23 2872 29 2877; x_wconf 72' lang='grc'><strong>“</strong></span> <span class='ocrx_word' id='word_1_290' title='bbox 99 2871 132 2908; x_wconf 88' lang='lat'><em>21.</em></span> <span class='ocrx_word' id='word_1_291' title='bbox 139 2871 168 2918; x_wconf 88' lang='grc'><em>1.</em></span> <span class='ocrx_word' id='word_1_292' title='bbox 182 2872 206 2909; x_wconf 91' lang='lat' dir='ltr'><em>L.</em></span> <span class='ocrx_word' id='word_1_293' title='bbox 221 2872 242 2909; x_wconf 92' lang='grc'><em>1.</em></span> <span class='ocrx_word' id='word_1_294' title='bbox 256 2872 350 2911; x_wconf 68' lang='lat' dir='ltr'><em>Lissus.</em></span> <span class='ocrx_word' id='word_1_295' title='bbox 366 2873 397 2909; x_wconf 88' lang='lat' dir='ltr'><em>De</em></span> <span class='ocrx_word' id='word_1_296' title='bbox 410 2874 500 2910; x_wconf 88' lang='lat' dir='ltr'><em>hominis</em></span> <span class='ocrx_word' id='word_1_297' title='bbox 514 2875 640 2943; x_wconf 77' lang='lat' dir='ltr'><em>exaltatione</em></span> <span class='ocrx_word' id='word_1_298' title='bbox 653 2873 680 2909; x_wconf 91' lang='lat' dir='ltr'><em>ad</em></span> <span class='ocrx_word' id='word_1_299' title='bbox 693 2867 785 2912; x_wconf 87' lang='lat' dir='ltr'><em>ordinem</em></span> <span class='ocrx_word' id='word_1_300' title='bbox 799 2876 949 2921; x_wconf 87' lang='lat' dir='ltr'><em>supernatura</em></span> 
     </span>
    </p>
   </div>
   <div class='ocr_carea' id='block_1_20' title="bbox 155 2927 274 2971">
    <p class='ocr_par' dir='ltr' id='par_1_27' title="bbox 155 2927 274 2971">
     <span class='ocr_line' id='line_1_38' title="bbox 155 2927 274 2971; baseline 0.009 -9"><span class='ocrx_word' id='word_1_301' title='bbox 155 2927 200 2971; x_wconf 88' lang='lat' dir='ltr'><em>lem,</em></span> <span class='ocrx_word' id='word_1_302' title='bbox 214 2927 274 2966; x_wconf 88' lang='grc'><strong>1871.</strong></span> 
     </span>
    </p>
   </div>
   <div class='ocr_carea' id='block_1_21' title="bbox 0 0 1079 3277">
    <p class='ocr_par' dir='ltr' id='par_1_28' title="bbox 0 0 1079 3277">
     <span class='ocr_line' id='line_1_39' title="bbox 0 0 1079 3277; baseline 0 0"><span class='ocrx_word' id='word_1_303' title='bbox 0 0 1079 3277; x_wconf 95' lang='lat' dir='ltr'><em> </em></span> 
     </span>
    </p>
   </div>
  </div>
 </body>
</html>
