2182 3277
120 180 166 224 152·
271 193 304 222 DE
312 189 542 227 nisenusarromssus
550 180 616 221 11110
623 174 819 221 usensranrsras

119 302 164 343 dus
178 300 300 355 papiensis
315 299 377 342 circa
392 310 480 342 annum
496 297 562 349 1190,
578 299 657 343 varias
672 300 801 343 decretales
823 284 949 355 collegerat
962 300 987 344 111

43 406 46 410 ,
120 381 162 410 suo
172 384 180 406 1
188 366 311 409 Breviario
321 365 540 419 Extravagantium
551 382 567 415 r,
579 368 643 421 quod
652 361 735 420 postea
744 366 792 409 fuit
801 371 913 410 vocatum
924 380 987 410 com·
1041 382 1044 387 ·

119 433 203 492 pilatio
213 434 290 492 prima
299 433 362 479 inter
372 432 477 488 quinque
488 432 600 487 antiquas
614 432 652 486 (1).
681 432 749 477 Hanc
759 431 922 476 collectionem
939 433 986 489 pri-

119 502 203 545 vatam
220 502 324 559 quatuor
340 499 400 547 aliae
416 497 557 541 subsecutae
574 502 638 548 sunt,
656 511 755 555 quarum
772 499 845 543 tertia
861 503 884 541 et
900 500 986 556 quinta

119 566 256 615 authentice
272 565 371 608 luerunt
387 565 559 624 promulgatae.
576 564 664 613 Tertia,
681 565 841 623 complectens
858 563 986 608 decretales

120 633 226 691 priorum
240 643 356 675 annorum
371 630 521 685 (1198-1210)
540 630 699 690 pontificatus
714 631 847 678 innocentii
862 631 906 681 III,
920 632 986 673 iussu

118 699 193 757 ipsius
204 698 233 744 R.
244 698 371 745 Pontificis
382 713 403 741 a.
416 697 474 744 1210
484 697 531 749 fuit
540 699 681 742 transmissa
690 699 844 743 universitati
853 699 987 744 Bononien-

119 766 139 809 si
156 769 184 808 ut
201 782 210 805 r
221 765 311 820 absque
329 764 437 820 quolibet
455 765 613 812 dubitationis
630 765 759 823 scrupulo»
788 765 832 810 hac
850 766 987 807 collectione

119 833 196 890 possit
210 833 248 875 uti
262 822 371 876 «tamin
385 832 479 873 iudiciis
495 844 567 889 quam
581 832 606 873 in
621 832 706 873 scholis
716 847 732 873 b,
759 832 855 883 Quinta,
872 833 988 889 complec-

119 905 174 944 tens
189 900 318 942 decretales
334 898 433 952 Honorii
451 897 488 938 ΙΙΙ
503 898 644 939 successoris
662 896 795 944 Innocentii
812 898 987 951 1111101110,-

120 954 168 1009 sius
182 965 307 1007 Pontificis
322 964 459 1007 authentice
472 963 519 1005 iuit
531 963 673 1006 transmissa
686 963 807 1008 Tancredo
822 964 987 1010 archidiacono

119 1032 271 1074 Bononiensi.
288 1031 338 1075 Imo
352 1033 446 1086 quarta,
459 1029 539 1073 forsan
553 1030 698 1072 auctoritate
713 1029 847 1073 Innocentii
862 1030 905 1079 HI,
920 1030 987 1072 cuius

121 1099 250 1142 decretales
269 1109 386 1141 annorum
405 1096 563 1152 posteriorum
583 1096 697 1144 continet,
717 1095 765 1138 luit
784 1097 934 1154 promulgata
946 1096 987 1151 (2).

121 1166 215 1209 Exinde
228 1164 371 1219 intelligitur
386 1163 494 1207 doctores
509 1161 599 1208 abillis
614 1162 772 1209 decretalibus
787 1164 893 1208 recedere
907 1164 985 1208 minus

121 1245 191 1278 ausos
204 1244 261 1275 esse.
835 1248 840 1255 ’

152 1298 252 1343 Omnem
280 1299 359 1341 locum
381 1297 516 1351 ambigendi
545 1299 574 1339 de
596 1298 676 1340 valore
690 1299 887 1342 documentorum
908 1302 988 1341 sustu-

118 1366 148 1408 lit
165 1366 276 1408 Collectio
294 1365 448 1408 decretalium
466 1378 478 1408 a
495 1363 605 1418 Gregorio
625 1364 660 1405 IX
676 1378 737 1407 anno
756 1364 815 1407 1234
830 1365 987 1419 promulgata.

121 1433 155 1475 At
170 1432 240 1475 simul
254 1433 279 1475 in
295 1444 342 1475 non
357 1432 440 1485 paucis
457 1431 606 1484 disciplinam
623 1431 828 1484 dispensationum
843 1433 949 1475 mutavit
965 1435 989 1473 et

76 1501 79 1507 '
121 1500 191 1543 novis
207 1497 400 1542 dubitationibus
417 1510 498 1541 ansam
514 1497 634 1551 praebuit.
651 1497 747 1541 Etenim
762 1498 841 1552 plures
858 1499 989 1541 decretales

67 1578 69 1580 ’
119 1567 145 1609 in
161 1566 266 1620 antiquis
281 1563 461 1608 collectionibus
475 1565 585 1613 insertae,
602 1564 688 1618 quibus
704 1565 892 1618 dispensationes
907 1577 989 1609 conce-

121 1632 247 1684 debantur,
264 1632 303 1673 vel
319 1643 380 1685 quae
395 1631 457 1673 hanc
473 1630 624 1684 disciplinam
640 1631 790 1684 spectabant,
806 1632 831 1674 in
846 1631 890 1674 hac
906 1633 989 1674 101110-

119 1699 187 1742 tione
204 1698 419 1741 iueruntomissae.
439 1696 515 1748 Quare
533 1709 609 1740 novae
626 1697 688 1740 inter
705 1698 832 1752 magistros
849 1701 914 1741 ortae
933 1701 989 1741 sunt

122 1766 305 1814 controversiae,
324 1776 425 1819 quarum
443 1764 570 1807 nonrruilae
588 1764 725 1807 authentice
741 1764 840 1808 luerunt
857 1765 947 1808 solutae
964 1765 989 1807 in

122 1831 194 1873 Sexto
212 1831 271 1873 libro
290 1830 445 1874 decretalium
463 1844 476 1874 a
492 1830 616 1873 Boniiacio
635 1830 694 1872 VIII
712 1845 732 1873 a.
753 1831 811 1873 1298
828 1832 987 1886 promulgato.

48 1950 53 1952 ξ
121 1896 193 1940 Parvi
203 1897 320 1940 momenti
331 1900 388 1940 sunt
397 1897 422 1938 in
433 1897 477 1939 hac
487 1897 589 1940 materia
600 1897 729 1939 decretales
741 1897 901 1940 Clementinae
913 1912 926 1941 a
938 1898 988 1941 Cle·
1018 1922 1020 1924 ·

120 1968 201 2007 mente
214 1964 235 2006 V
247 1978 267 2007 a.
283 1963 349 2013 1314,
364 1964 449 2006 deinde
462 1978 475 2007 a
490 1963 578 2006 Ioanne
591 1962 667 2004 XXII
680 1978 700 2006 a.
716 1963 774 2005 1317
787 1965 958 2019 promulgatae.

152 2030 173 2072 t.
192 2030 347 2085 Supradictas
364 2031 493 2073 decretales
518 2043 558 2072 seu
575 2032 658 2072 textus
674 2031 759 2084 legales
777 2028 924 2073 examinanti
942 2033 990 2074 sta·
1051 2041 1053 2044 '

120 2097 168 2139 tim·
180 2100 279 2151 apparet
292 2099 398 2152 quantus
411 2096 483 2139 fuerit
497 2096 604 2150 influxus
618 2095 733 2138 doctrinae
746 2097 861 2149 hucusque
874 2098 990 2151 expositae

124 2163 148 2204 in
163 2163 255 2216 proxim
272 2163 325 2204 RR.
339 2154 492 2216 Pontificum.
509 2163 611 2214 Quidam
627 2163 689 2206 enim
703 2163 755 2205 ΗΒ.
772 2163 901 2206 Pontifices
916 2164 989 2218 huius

121 2230 237 2283 temporis
253 2229 334 2273 eximii
350 2233 419 2272 erant
433 2229 571 2283 iurisperiti,
587 2229 674 2273 imbuti
691 2230 805 2273 doctrinis
821 2243 879 2283 quas
894 2231 918 2274 in
935 2232 990 2273 uni·
1012 2252 1015 2256 ·

120 2297 237 2338 versitate
252 2296 397 2339 Bononiensi
413 2295 451 2337 vel
466 2297 510 2350 ipsi
528 2296 666 2344 docuerant,
683 2299 710 2337 ut
724 2296 860 2340 Alexander
877 2296 913 2338 HI
930 2297 994 2352 (lle-r

121 2363 207 2408 landus
219 2361 386 2416 Bandinellus)
408 2365 432 2404 et
455 2362 580 2416 Gregorius
594 2361 654 2403 Vlll
668 2361 811 2416 (Albertus),
825 2365 864 2405 vel
878 2377 891 2407 a
903 2364 990 2421 magis-

122 2559 158 2593 rler
174 2558 257 2600 Wiener¹
265 2557 381 2593 Ahademie
393 2558 427 2592 der
442 2558 626 2601 wissenschaften,
638 2557 704 2600 t.171,
717 2557 827 2603 21111111,
841 2559 900 2596 1914.
915 2559 948 2595 Ibi
959 2569 991 2594 re-

124 2616 239 2650 censentur
250 2615 331 2660 scripta
342 2606 452 2650 anteriora
464 2614 631 2660 quamplurima,
644 2624 735 2659 quorum
746 2616 850 2653 indicatio
863 2617 890 2651 ad
902 2626 991 2662 scopum

124 2671 225 2707 nostrum
235 2681 277 2707 non
287 2672 391 2715 pertinet.
625 2673 628 2675 ’

153 2727 183 2771 (1)
199 2728 229 2763 Cf.
251 2728 275 2763 E.
298 2729 439 2769 Furnnssnnc,
466 2728 559 2772 Quinque
582 2727 747 2772 compilationes
769 2730 874 2773 antiquae.
896 2729 989 2774 Leipzig,

126 2782 187 2818 1882.
204 2802 231 2808 —-
247 2784 305 2828 Quae
321 2784 385 2819 hodie
401 2785 493 2820 vocatur
509 2784 634 2829 compilatio
651 2777 744 2820 secunda
760 2795 815 2830 opus
830 2785 941 2828 priuatum
957 2787 990 2821 est

123 2840 371 2875 continensdecretales
387 2841 501 2876 Clementis
518 2841 551 2875 ΙΙΙ
565 2841 588 2875 et
602 2841 715 2877 Caelestini
731 2841 771 2877 III.

68 2939 71 2943 A
151 2895 183 2940 (2)
199 2896 617 2940 11111.ΧἭΕΗΝΖ,1111111111111111111,
632 2897 655 2940 1³,
681 2907 700 2933 n.
714 2897 760 2945 238,
776 2897 811 2939 IV,
826 2897 848 2938 F,
863 2897 988 2943 Gratianum,

120 2953 176 3001 Zum
187 2952 250 2989 Lehre
261 2952 295 2998 der
307 2953 432 2998 Senolosria,
444 2962 465 2998 p.
478 2954 574 2997 218-220,
