2139 3277
140 167 265 214 decennis
276 165 484 214 nucenrrsr'snun
501 165 534 207 nn
546 164 656 208 iuo'rio'nn
667 161 869 224 orseniusa'rroius
916 158 944 201 99

52 276 55 277 ’
93 287 173 341 guono
186 284 219 339 (1)
238 288 262 326 ee
280 284 356 339 grossa
373 284 492 329 ordinaria
503 283 547 338 (2),
561 285 662 327 Proinde
681 279 843 326 definitionem
861 279 944 324 Rufini

93 355 224 396 assumunt.
241 350 262 392 A
278 351 364 394 Ioanne
380 350 487 404 Hispano
502 351 552 393 loco
567 351 692 394 «canonici
706 350 788 404 rigoris
804 346 944 402 derogatio»

79 423 80 427 ’
92 418 204 461 scribitur
217 417 374 466 «relaxatio»,
391 420 415 459 et
430 416 578 459 definitiones
593 416 676 459 Rufini
691 420 714 458 et
729 416 817 459 Sicardi
831 416 855 458 in
870 425 943 456 unam

94 485 268 538 coniunguntur
280 482 319 537 (3).
339 483 452 535 Quamvis
468 482 511 524 hoc
528 484 577 526 loco
595 497 642 526 non
660 484 757 526 additur
770 481 942 525 relaxationem

92 553 157 594 iilam
170 564 219 606 esse
232 567 240 589 r
251 550 368 593 casualem
376 565 385 588 s
398 562 440 592 scu
453 550 477 592 in
492 562 547 592 casu
561 549 704 603 particulari,
719 552 800 592 tamen
813 562 842 591 ex
855 548 941 590 collato

48 615 50 618 ’
94 618 139 660 alio
154 620 223 658 textu
239 616 342 658 eiusdem
357 615 481 659 Summae:
492 631 501 653 r
512 614 678 669 dispensantur
693 616 808 667 generalia
822 613 945 669 privilegia

94 695 147 728 cum
164 683 287 726 casualiter
303 676 409 735 exigente
425 682 564 733 necessitate
579 682 617 723 νε]
632 682 745 729 utilitate,
762 681 856 734 speciali
871 680 945 734 privi-

94 749 153 804 legio
171 753 253 792 contra
271 762 298 792 ea
315 748 404 802 aliquid
420 748 573 801 indulgetur»
590 750 658 802 patet
677 748 788 791 Ioannem
806 746 941 800 Hispanum

95 816 167 859 etiam
180 816 240 859 hanc
254 814 374 858 notionem
388 814 494 857 strictam
513 814 636 857 admittere
648 813 689 868 (4).
716 813 812 863 Summa
826 813 947 855 Colonien-

94 883 126 925 sis
138 883 186 925 loco
199 899 208 920 u
218 895 261 936 pro.
272 881 406 925 rationabili
419 893 490 924 causa
498 896 507 920 n
520 880 592 923 hahet
603 897 611 919 u
622 893 663 935 pro
675 881 761 924 idonea
773 892 843 922 causa
854 878 887 933 (5)
896 894 912 920 i.

124 951 145 992 2.
158 947 293 991 *Hucucero
305 962 319 990 a
330 947 466 992 definitione
477 946 559 989 Rufini
570 960 616 990 non
627 947 722 989 recedit.
740 945 852 999 Quaedam
868 946 942 986 tomen

70 1049 73 1054 .
96 1016 182 1056 omittit
199 1016 220 1055 ei
237 1014 286 1055 ulio
303 1014 366 1055 addit
383 1013 417 1055 uel
434 1014 530 1055 ulterius
547 1012 652 1067 explicui.
672 1014 709 1056 Ita
727 1013 819 1056 omittit
834 1013 899 1066 loqui
916 1012 944 1052 de
996 1018 999 1023 ’

93 1083 177 1125 «iusta
190 1094 261 1124 causa
270 1097 279 1120 i>
292 1080 408 1134 requisita
421 1081 450 1122 oh
464 1081 580 1124 rationem
593 1080 696 1129 obviam,
711 1080 768 1134 quia
781 1080 870 1121 scilicet
882 1090 944 1121 rece-

95 1150 153 1191 dens
171 1163 184 1191 a
203 1147 309 1192 doctrina
327 1147 481 1191 communiter
498 1149 593 1200 recepta
610 1150 664 1200 post
682 1145 804 1194 Rufinum,
822 1145 847 1189 in
865 1147 944 1198 partes

98 1215 224 1258 severiores
238 1214 376 1263 declinat,ut
389 1214 493 1257 dicemus
507 1213 595 1265 agendo
610 1214 638 1254 de
652 1225 723 1255 causa
735 1211 840 1265 legitima
853 1212 946 1265 dispen-

94 1282 219 1327 sationum.
232 1274 315 1322 Addit
325 1283 403 1323 autem
422 1280 620 1334 dispensationem
639 1292 687 1322 esse
704 1278 761 1321 iuris
778 1278 947 1321 relaxationem

71 1506 73 1508 ·
128 1485 158 1533 (1)
169 1489 220 1524 Cod.
232 1484 322 1524 ms.Vat.
332 1484 378 1531 lat,
390 1487 475 1530 namo,
488 1483 583 1530 rotroci,
598 1483 649 1524 coli
661 1497 665 1522 :
679 1482 830 1532 «Dispensatio
841 1483 949 1532 igiturest

86 1544 143 1595 iure
154 1545 296 1588 permittente
306 1544 332 1578 ah
344 1553 376 1586 eo,
387 1545 414 1582 ad
425 1552 489 1588 quern
499 1544 601 1589 pertinet,
611 1544 662 1579 iuris
672 1544 775 1581 relaxatio
787 1546 809 1579 et
819 1545 896 1580 dicitur
907 1545 949 1581 dis-

99 1601 197 1650 pensatio
214 1610 252 1645 per
269 1599 429 1636 similitudinem
445 1610 462 1636 a.
472 1602 610 1644 procuratore
626 1599 713 1638 familie.
730 1601 789 1636 Sicut
805 1602 860 1636 enim
876 1602 906 1637 ihi
921 1597 949 1637 ni

100 1658 241 1701 dispensatio,
257 1666 306 1692 curn
320 1657 407 1693 diuersis
423 1657 506 1697 diversa
520 1658 646 1700 pensantur,
668 1659 682 1694 i.
698 1665 715 1693 e.
729 1665 794 1702 penso
810 1655 912 1702 equitatis
927 1653 950 1692 et

99 1714 233 1749 discretionis
249 1714 392 1757 procurantur
409 1714 431 1746 et
447 1713 613 1755 distribuuntur,
628 1714 662 1748 ita'
674 1714 696 1749 in
712 1713 793 1751 familia
809 1713 895 1749 ecclesie
909 1718 947 1758 pro

98 1771 223 1806 diuersitate
232 1778 372 1814 personarum
384 1771 405 1804 et
416 1777 487 1804 rerum
500 1771 523 1804 et
533 1770 655 1814 temporum
668 1770 750 1805 diverso
763 1772 825 1806 modo
837 1772 884 1809 iura
894 1770 949 1808 rela-

99 1828 185 1862 xantur.
208 1826 248 1861 Vel
258 1827 335 1862 dicitur
347 1826 475 1870 dispensatio
487 1826 548 1870 quasi
565 1826 697 1862 diversorum
706 1826 811 1870 pensatio.
835 1827 875 1870 Qui
892 1827 949 1863 enim

100 1882 304 1927 dispensat,diversa
319 1882 383 1917 dehet
395 1889 485 1927 pensare
498 1883 521 1916 et
529 1883 668 1925 considerare,
681 1882 761 1917 scilicet
769 1883 820 1927 quid
834 1884 901 1926 magis
913 1882 949 1918 vei
1015 1878 1017 1880 ’

99 1940 171 1974 minus
187 1932 294 1983 expediat,
308 1938 342 1974 νε]
356 1939 473 1973 secundum
486 1939 544 1982 quod
557 1938 636 1974 viderit
649 1939 715 1982 inagis
728 1938 763 1975 νε]
775 1938 845 1974 rninus
858 1938 899 1989 hoc
913 1946 948 1973 ex-

98 1995 171 2039 pedire
185 2004 251 2038 quam
264 1994 325 2036 illud,
337 1995 401 2030 dehet
415 1995 537 2039 dispensare
550 1994 585 2030 vel
598 2004 641 2030 non
650 2007 665 2031 s.
680 1994 706 2038 gi.
716 1995 744 2032 ad
759 1988 809 2034 dict.
825 1995 884 2034 Grai.
895 2005 915 2033 a.
930 2004 947 2031 c.

101 2052 121 2093 6,
136 2051 157 2086 C.
173 2050 189 2093 Ι,
203 2060 223 2095 q.
238 2051 256 2086 7.

128 2106 158 2152 (2)
175 2105 207 2142 Gl.
218 2108 246 2143 ad
254 2116 276 2143 ν.
286 2105 395 2152 plerisque,
404 2114 422 2141 c.
432 2106 453 2149 6,
463 2107 484 2143 C.
497 2105 514 2149 i,
523 2116 543 2150 q.
554 2106 573 2144 7.

128 2159 159 2208 (3)
175 2164 225 2199 Cod.
236 2171 274 2199 ms.
285 2163 320 2199 cit.
330 2163 366 2198 iol.
376 2163 433 2205 102V,
443 2161 481 2198 coi.
492 2162 502 2196 1
513 2171 517 2196 ε
528 2175 534 2194 r
544 2163 584 2198 Est
592 2163 665 2207 itaque
674 2163 810 2208 dispensatio,
819 2163 876 2202 iusta
885 2172 949 2199 causa

101 2218 200 2261 iaciente,
212 2220 238 2257 ab
251 2228 283 2261 eo,
295 2219 354 2254 cuius
365 2219 461 2262 interest,
473 2220 569 2256 canonici
579 2219 652 2263 rigoris
663 2220 723 2258 iacta
733 2219 835 2258 relaxatio
846 2230 850 2261 ;
863 2221 897 2256 νε]
908 2220 949 2255 dis-

101 2276 198 2320 pensatio
219 2276 250 2310 est
267 2276 340 2319 rigoris
359 2276 455 2312 canonici
472 2275 605 2314 rationabilis
623 2277 739 2320 derogatio.
758 2275 810 2311 Eius
826 2277 900 2312 autem
918 2278 950 2310 est

102 2333 224 2376 dispensare
233 2332 293 2366 cuius
301 2333 333 2365 est
342 2332 431 2366 condere
440 2333 461 2365 et
469 2331 611 2376 interpretari.
620 2332 684 2370 Dicta
692 2334 765 2370 autem
774 2333 805 2366 est
819 2333 948 2376 dispensatio

101 2397 139 2432 per
150 2388 311 2423 similitudinem
320 2397 333 2423 a
343 2387 422 2422 familie
431 2386 588 2432 procuratione.
599 2388 659 2423 Sicut
668 2389 724 2423 enirn
734 2388 763 2423 ibi
772 2389 798 2423 fit
818 2389 947 2433 dispensatio

101 2453 149 2479 cum
160 2445 247 2479 diversis
258 2445 341 2482 diuersa
350 2445 474 2488 pensantur,
483 2444 496 2480 i.
508 2453 524 2479 ε,
534 2444 606 2488 pensio
617 2445 718 2488 equitatis
729 2446 750 2478 et
759 2445 890 2480 discretionis
899 2454 949 2489 pro-

98 2502 206 2543 curantur,
220 2502 251 2535 ita
263 2501 285 2536 in
298 2500 378 2539 familia
392 2500 539 2543 ecclesiastica,
553 2510 595 2538 non
609 2500 677 2535 solum
689 2510 726 2544 pro
741 2501 864 2536 diuersitate
877 2510 948 2545 perso·

99 2566 182 2600 narum,
193 2558 229 2592 sed
239 2557 305 2595 etiam
313 2565 384 2591 rerum
394 2558 415 2591 et
424 2557 546 2601 temporum
557 2557 638 2593 diverso
649 2557 711 2592 modo
723 2565 813 2594 canones
821 2558 924 2597 laxantur
933 2569 947 2593 s.

125 2613 156 2658 (4)
171 2613 203 2649 Gi.
214 2614 242 2649 ad
254 2622 271 2648 c.
284 2612 316 2654 16,
329 2614 350 2648 C.
362 2612 432 2655 XXV,
445 2623 465 2657 q,
479 2612 494 2647 I.
507 2613 557 2649 Cod.
570 2622 608 2649 ms,
621 2614 655 2648 cit.
667 2612 703 2648 iol.
715 2613 772 2656 227V,
784 2613 821 2650 col.
845 2614 863 2650 1.
887 2614 947 2648 idern
990 2629 993 2633 ·

100 2669 180 2704 eruitur
189 2677 215 2704 ex
223 2669 292 2713 glossa
301 2669 327 2703 ad
336 2678 354 2703 c.
363 2669 382 2711 2,
391 2669 417 2705 Ι).
426 2668 443 2702 L
454 2678 458 2701 ε
467 2681 474 2699 (ι
484 2669 600 2713 Disciplina
608 2669 712 2713 frangitur
720 2669 746 2703 ut
754 2669 771 2703 si
778 2670 857 2713 passim
875 2671 897 2704 et
905 2670 949 2704 sine

99 2726 181 2760 delectu
195 2726 334 2770 dispensetur.
359 2725 493 2769 Quandoque
506 2726 618 2769 frangitur,
632 2726 761 2769 quandoque
772 2727 912 2771 temperatur,
925 2727 950 2760 ut

100 2782 117 2815 si
126 2782 182 2820 iusta
193 2791 257 2820 causa
267 2781 369 2830 suadente
380 2790 425 2816 curn
435 2780 504 2823 aliquo
516 2781 654 2826 dispensetur.
666 2781 752 2825 Frangi'
761 2790 802 2817 non
814 2783 884 2825 debet,
894 2783 949 2817 tem-

98 2838 168 2881 perari
177 2838 251 2883 potest
259 2851 272 2873 s.
286 2838 386 2874 Cadius.
399 2838 433 2872 cit.
447 2836 482 2872 tol.
494 2837 537 2873 42V.

124 2893 155 2938 (5)
171 2895 220 2930 Cod.
235 2903 273 2930 ms.
286 2894 325 2930 lat.
338 2894 450 2937 Bamherg.
463 2893 490 2936 D.
507 2892 536 2936 II,
550 2893 583 2936 17,
596 2893 632 2929 tol.
646 2893 679 2929 33.
730 2900 737 2914 ⁴
