2182 3277
157 238 158 242 =
178 213 220 261 tao
313 230 347 259 DE
361 224 595 260 DISPENSA'TIONIBU'S
612 225 678 259 APUD
693 225 890 261 oncnntnitssas
909 276 911 279 ι
932 208 935 211 ”

164 337 185 393 61
197 337 319 391 assignant
331 337 409 379 ethos
421 338 520 392 quidem·
529 337 634 387 unicum,
647 338 757 381 nimirum
769 354 778 376 11
787 337 823 380 ius
834 336 969 382 recurrendi
978 340 980 342 ’
988 338 1018 381 ad

164 404 309 456 superiorem
319 419 327 441 1
340 402 380 457 (1).
742 395 744 398 ”
792 443 794 446 .
992 421 994 424 ’

194 469 213 511 3.
234 469 358 523 Duplicem
376 470 472 512 classem
491 482 612 513 cansarum
632 471 790 526 distinguunt,
810 471 867 514 alias
879 463 971 526 'nempe
989 470 1018 512 ii-

162 536 227 578 nales
244 539 268 578 et
284 537 342 579 alias
357 537 498 592 impulsivas
515 550 555 580 seu
571 538 687 594 suasivas.
706 537 758 589 Qua
773 550 857 580 causas
872 537 961 591 filiales
977 548 1017 580 eas

161 601 252 646 habent
271 618 279 641 a
290 615 351 656 quae
372 604 574 657 dispensationem
592 605 730 647 inducant»
750 617 791 646 seu
810 620 819 643 a
830 616 889 658 qiiae
903 604 1017 646 'finaliter

161 669 308 723 compellunt
322 670 352 712 ad
366 669 511 719 iaciendum,
527 672 590 725 quod
606 662 675 713 aliter
688 670 796 714 facturus
811 672 858 713 non
873 674 924 713 erat
948 682 1017 723 supe-

97 767 99 770 ,
160 736 242 784 11011;
257 748 317 790 quas
332 747 414 779 causas
440 736 526 780 finales
552 738 651 780 ulterius
666 737 824 780 subdividunt
837 737 862 779 in
876 736 1013 793 alias-sim-
1077 785 1079 789 y

87 815 92 823 ⁴
160 802 253 856 pliciter
266 803 407 846 inducentes
421 816 463 846 seu
478 803 625 853 sufficientes
640 804 728 846 adhoc
742 807 770 846 ut
783 803 880 845 interior
894 805 1015 858 potestate
1069 806 1072 808 ’

161 869 270 923 delegata
281 873 365 912 utatur
378 871 407 912 ad
421 864 606 923 dispensandum
617 870 643 911 in
655 870 705 922 lege
717 870 844 923 superioris
857 869 890 923 (2)
901 883 907 917 ;
920 873 945 911 et
957 869 1015 912 alias

159 936 260 978 maiores
272 948 313 978 seu
325 947 436 984 summas,
450 947 514 989 quae·
523 935 650 980 sufiiciunt
662 936 692 977 ad
704 936 749 977 hoc
762 938 789 977 ut
800 935 898 977 inferior
908 935 1014 988 legitime

160 999 281 1060 dispenset
293 1001 318 1043 in
332 1001 381 1053 lege
395 1001 531 1055 superioris,
547 1002 620 1044 etiam
635 1001 762 1044 deficiente
776 1003 925 1059 concessione
939 1002 1013 1049 iuris;

158 1068 218 1110 tales
227 1080 312 1110 causae
321 1068 421 1110 maiores
430 1067 593 1111 suntevidens
602 1068 695 1110 utilitas
705 1071 728 1110 et
737 1077 825 1121 urgens·
831 1069 959 1111 necessitas
971 1065 1013 1120 (3).
1050 1082 1055 1086 ·
1086 1088 1088 1090 ·

159 1133 210 1185 Qua
223 1146 306 1177 causas
322 1132 460 1186 impulsione
473 1132 563 1176 hahent
576 1146 615 1176 eas
638 1150 646 1171 1
657 1146 718 1188 quae
735 1134 879 1187 superiorein
894 1132 1014 1177 inducunt
1064 1157 1066 1159 ·

158 1202 188 1243 ad
203 1200 297 1243 facilius
314 1200 500 1254 dispensandum
510 1215 526 1249 1,
557 1213 598 1243 seu
614 1216 623 1238 a
634 1213 695 1254 quae
712 1200 857 1254 compellunt
873 1201 904 1243 ad
918 1199 1012 1242 facilius

156 1266 301 1315 laciendum,
320 1268 383 1321 quod
399 1270 483 1311 tamen
500 1266 557 1310 alias
573 1267 682 1310 tacturus
700 1270 751 1309 erat
762 1282 777 1308 1,
796 1266 831 1308 De
848 1267 884 1309 his
901 1269 1011 1309 auctores

157 1334 294 1387 saepissime
308 1336 389 1387 agunt,
404 1337 428 1376 et
440 1334 519 1388 plures
532 1333 669 1378 huiusmodi
683 1346 766 1377 causas
779 1335 927 1378 enumerantv
936 1331 978 1386 (4).

306 1503 346 1558 §2
357 1526 387 1534 *-
397 1503 433 1546 De
443 1503 538 1558 influxu
549 1515 631 1547 causae
642 1504 666 1546 in
677 1503 872 1558 dispensationem

185 1620 205 1667 1.
223 1619 289 1667 Circa
310 1622 454 1665 validitatem
475 1623 510 1664 ael
532 1622 654 1665 liceitatem
674 1622 856 1677 dispensationis
877 1623 926 1667 sine
948 1623 1010 1666 iusta

155 1692 225 1733 caasa
236 1691 312 1744 sactae
325 1689 354 1732 ah
369 1692 488 1744 episcopo,
503 1690 580 1734 nullus
591 1693 675 1738 ,exstat
689 1691 808 1732 dissensus
820 1690 883 1733 inter
895 1691 1010 1734 Decreta·
1061 1681 1064 1684 ’

123 1778 125 1781 r
152 1759 236 1800 listas:
248 1757 330 1810 regula
342 1757 437 1800 omnino
449 1757 553 1811 generali
564 1758 678 1800 statuunt
690 1755 892 1810 dispensationem
904 1758 934 1801 ab
948 1758 1008 1812 epis-

151 1837 210 1878 eopo
223 1823 262 1866 vel
275 1823 320 1866 alio
333 1822 443 1867 interiore
457 1835 599 1872 concessam,
614 1835 664 1865 esse
676 1822 793 1872 illicitam,
806 1823 853 1867 imo
867 1827 891 1866 et
916 1823 1003 1870 invali-
1055 1826 1061 1830 ‘'

173 2001 204 2046 (1)
221 2000 251 2038 ct.
272 2000 464 2041 Aneniuiaoonus,
489 1997 607 2042 Rosaeiom,
630 1997 657 2042 gl.
677 1998 706 2034 ad
725 2008 742 2034 c.
762 1997 901 2043 Paenitentes,
921 1998 948 2034 D.
961 1998 1006 2036 LV.

147 2057 269 2094 Divisiones
284 2063 398 2091 causarum
412 2064 465 2099 quas
479 2054 530 2089 olim
542 2054 665 2091 invenimus
678 2056 738 2099 apud
752 2054 782 2090 Io.
797 2051 951 2097 Favenfinum,
964 2065 1007 2090 non

145 2113 283 2158 reperiuntur
296 2111 337 2147 nisi
351 2112 409 2155 apud
422 2111 604 2151 Archidiaconum
618 2112 641 2146 in
655 2104 693 2146 suo
707 2111 804 2154 Rosario,
819 2111 863 2155 qui,
888 2112 1006 2147 secundum

146 2170 268 2205 doctrinam
278 2167 430 2211 Huguccionis,
442 2176 529 2203 eausam
536 2168 587 2203 boni
596 2167 716 2202 communis
726 2167 794 2211 exigit
802 2175 840 2211 pro
850 2167 948 2211 legitima
957 2177 1006 2202 con-

146 2227 241 2261 cessione
260 2223 433 2268 dispensationis.
454 2224 515 2259 Haee
534 2224 607 2260 tamen
626 2223 731 2258 minorem
750 2223 833 2258 habent
851 2223 949 2258 valorem.
965 2232 1004 2267 pro

134 2305 136 2307 ·
146 2283 282 2328 expositione
299 2280 410 2315 doctrinae
419 2280 482 2329 huius
491 2279 602 2324 temporis,
611 2288 661 2314 cum
669 2278 692 2314 in
700 2281 743 2314 suis
752 2278 826 2323 glossis
834 2278 1004 2316 Archidiaconus
1056 2303 1058 2305 -
1077 2315 1080 2325 .

144 2339 214 2375 faciat
230 2336 406 2382 compilationem
422 2335 466 2369 tere
483 2335 579 2370 omnium
595 2334 721 2379 opinionum
737 2335 921 2379 praecedentium,
938 2335 1004 2370 etiam
1061 2332 1066 2336 ’

146 2395 328 2435 Decretistarum,
340 2392 392 2436 quin
403 2400 438 2426 eas
449 2392 551 2427 diudicet.

174 2451 204 2496 (2)
220 2448 471 2490 Hosmnnsls,=Lectaea‚
483 2457 500 2484 c.
512 2448 531 2490 6,
542 2447 569 2484 X.
593 2448 623 2482 De
643 2448 772 2497 concessione
791 2447 911 2497 prebendae,
925 2447 1004 2491 III,8;

144 2517 162 2545 c.
175 2508 208 2550 24,
223 2507 250 2544 X.
263 2507 293 2542 De
304 2505 410 2547 electione,
423 2505 438 2547 Ι,
450 2506 468 2541 6.

133 2595 134 2598 ,
171 2564 201 2608 (3)
218 2563 248 2600 Cf.
263 2563 335 2598 varios
349 2561 503 2596 Decretalistas
517 2560 603 2604 passim,
619 2559 641 2593 et
655 2559 781 2603 praesertim
796 2558 824 2594 ad
838 2568 855 2596 c.
870 2560 902 2603 28,
926 2559 955 2597 X.
971 2559 1002 2593 De

142 2618 267 2665 prebendis,
278 2618 318 2659 III,
336 2617 355 2653 5.
616 2631 617 2635 =
979 2663 981 2666 ι

170 2676 201 2720 (4)
218 2675 361 2715 Gonnnsoos,
376 2673 469 2714 Samma,
492 2672 567 2708 adiit,
593 2673 625 2708 De
638 2672 696 2705 statu
708 2670 861 2708 manachorum.
886 2672 1002 2707 —Anssns

142 2731 264 2774 Ammaous,
278 2741 294 2767 c.
308 2730 341 2771 20,
354 2729 381 2764 X.
395 2729 426 2764 De
437 2729 542 2769 electione,
557 2727 572 2765 Ι.
585 2729 603 2764 6,
617 2738 633 2763 c.
648 2727 667 2769 9,
679 2727 707 2763 X.
721 2728 752 2762 De
763 2726 900 2771 nequioribus,
914 2728 956 2770 ΙΙΙ,
968 2727 1001 2764 31.

138 2807 166 2813 —
178 2788 328 2822 Innocunmos
342 2785 378 2828 IV,
389 2795 407 2821 o.
417 2795 442 2828 a,
454 2794 471 2820 c.
480 2785 513 2826 54,
520 2784 547 2819 X.
561 2784 591 2818 De
603 2784 708 2825 electione,
721 2784 738 2827 Ι,
750 2784 768 2820 6.
782 2783 924 2827 Hosnnnsis,
937 2793 955 2819 c.
968 2784 1001 2826 54,

93 2870 98 2878 .,
143 2842 171 2879 X.
184 2843 329 2885 Deelecttone,
342 2842 358 2884 I,
368 2841 387 2877 6.
405 2862 433 2868 -—
457 2839 616 2883 tomaene,
636 2848 653 2875 c.
664 2839 683 2882 2,
694 2839 721 2877 X.
739 2840 770 2885 De
780 2839 837 2874 stota
847 2839 1001 2883 monachorum,

144 2898 185 2937 ΙΙΙ.
201 2899 233 2935 35,
