2139 3277
277 170 310 212 bi:
328 169 422 214 ‘causan
440 170 547 216 annuum
564 169 715 214 bocurrro'n'u
901 161 942 215 1th

90 290 153 341 iicet,
170 294 194 333 et
209 290 228 332 si
244 292 461 345 praesumpserunt,
479 304 526 336 non
541 291 606 333 valet
616 305 625 329 n
636 289 678 344 (1).
695 288 735 338 At,
753 300 806 332 cum
829 289 943 334 insistant

93 358 292 412 dispensationem
308 371 322 400 a
336 357 364 399 R.
378 356 498 400 Pontifice
513 370 560 402 non
580 370 648 410 posse
667 357 726 405 lieri,
747 356 792 401 nisi
821 369 850 398 ex
861 371 870 394 <r
881 358 945 399 certa

92 424 191 468 scientia
201 439 209 462 n
223 424 295 466 etiam
308 425 333 468 in
347 424 383 465 his
398 436 459 477 quae
473 424 522 466 sola
536 424 661 466 voluntate
675 426 731 468 sunt
745 423 886 472 constituta,
909 423 945 465 vi-

92 493 178 534 dentur
193 491 273 544 potius
289 490 365 532 dicere
380 490 455 531 solam
470 490 620 534 voluntatem
635 503 683 534 non
699 488 807 532 sufficere
823 501 865 544 pro
881 489 944 532 licei·
975 529 978 536 ,

91 561 151 601 tate.

214 725 218 731 ”
261 733 308 788 (3.
325 757 356 764 κ
373 733 408 776 De
424 745 506 775 cuusoe
521 734 616 789 praeuio
633 734 760 788 copniiioire

124 854 144 897 1.
163 854 219 898 Cum
230 854 275 897 hac
286 855 424 908 quaestione
437 854 464 896 de
476 867 547 897 causa
558 854 673 908 requisita
684 854 714 898 ad
724 855 830 898 validam
840 854 941 898 licitam-

93 935 138 976 que
153 922 326 966 concessionem
341 921 531 974 dispensationis,
548 933 654 964 connexa
668 925 704 964 est
717 921 776 964 haec
790 922 843 971 alia,
859 924 940 964 utrum

91 991 188 1042 insuper
204 988 339 1042 requiratur
357 986 456 1040 eopniiio
472 987 543 1029 liuius
561 998 649 1029 causae.
681 987 778 1030 Praeter
796 987 943 1036 Goiiredum,

93 1056 134 1109 qui
144 1054 344 1107 dispensationem
353 1053 575 1097 tacitamadmittit
585 1065 627 1095 nec
638 1054 729 1108 aliquid
740 1053 809 1097 docet
820 1055 847 1097 de
858 1066 942 1097 causae

94 1120 234 1174 cognitione,
251 1129 331 1163 omnes
346 1119 406 1163 hanc
421 1120 580 1172 cognitionem
595 1121 784 1174 praerequirunt,
799 1122 885 1164 saltem
899 1132 940 1174 pro

41 1201 42 1204 ¹
91 1188 196 1229 liceitate
211 1186 393 1240 dispensationis
409 1198 481 1239 quam
494 1186 590 1229 inferior
616 1186 641 1229 in
655 1187 705 1240 lege
720 1187 846 1240 superioris
861 1199 944 1229 conce-

93 1255 129 1296 dit
137 1253 181 1307 (2),
198 1253 254 1307 quia
269 1265 342 1301 secus,
359 1255 386 1293 ut
402 1252 477 1300 aiunt,
493 1253 617 1305 episcopus
633 1256 823 1306 praesumeretur
838 1253 943 1308 posuisse

92 1324 174 1364 actum
184 1318 344 1367 temerarium,
359 1321 382 1360 et
395 1318 529 1371 puniendus
542 1331 582 1360 seu
595 1319 748 1372 deponendus
761 1323 822 1362 esset
834 1319 875 1374 (3).
890 1319 940 1362 Imo

93 1399 134 1441 pro
151 1385 257 1440 pluribus
272 1397 320 1428 non
335 1384 426 1426 sufficit
442 1385 621 1438 qualiscumque
632 1387 743 1439 cognitio,
754 1387 795 1428 sed
806 1397 944 1440 «processus

91 1452 251 1507 inquisitionis
264 1452 349 1494 saltem
361 1451 488 1494 summarie
501 1454 537 1493 est
548 1452 728 1496 instituendus»
740 1452 781 1506 (4),
805 1454 840 1497 ita
852 1456 887 1502 ut,
901 1452 945 1494 hac

93 1518 226 1573 cognitione
241 1517 374 1566 deficiente,
388 1517 446 1571 iuris
459 1518 575 1560 relaxatio
590 1530 631 1571 per
644 1520 788 1572 superiorem
801 1521 840 1561 vel
854 1531 944 1561 succes-

93 1597 170 1628 sorem
178 1584 283 1628 revocari
293 1585 368 1637 possit
380 1583 412 1638 (5)
423 1597 429 1632 ;
439 1584 495 1633 imo,
507 1585 605 1638 quidam
615 1597 666 1628 eam
675 1587 727 1639 ipso
737 1585 801 1628 iacto
811 1586 944 1631 invalidam

92 1665 142 1696 esse
161 1654 245 1697 tenent
256 1650 297 1705 (6).

116 1844 146 1890 (1)
162 1843 309 1878 ΙΝΝοοΕΝτΙυε
324 1843 359 1888 IV,
374 1844 416 1879 ibid
425 1854 429 1879 ε
444 1844 516 1880 «Item
529 1846 578 1881 licet
601 1848 704 1884 conditori
728 1850 890 1890 constitutionis,
907 1849 946 1887 dis-

88 1909 177 1947 pensare
188 1901 231 1935 sine
243 1909 318 1937 causae
329 1902 448 1945 cognitione
459 1910 485 1936 ex
496 1905 553 1941 certa
565 1904 652 1942 scientia
665 1907 740 1943 contra
758 1916 820 1942 suam
841 1909 947 1943 constitu-

90 1959 226 1998 tionem,n0n
237 1958 312 1992 tamen
323 1957 371 1992 aliis
383 1958 462 2002 quibus
474 1968 600 1994 eoncessum
612 1963 645 1995 est
657 1962 788 2007 dispensare,
798 1964 850 1998 iicet
862 1965 947 2009 dispen-

90 2013 188 2055 sare,nisi
198 2022 246 2047 cum
256 2022 334 2048 causae
345 2014 468 2057 cognitione
478 2025 483 2057 3
494 2017 516 2049 et
526 2017 543 2050 si
554 2011 681 2061 dispensant
690 2028 734 2053 non
743 2019 803 2055 ualet
813 2022 945 2065 dispensatio

91 2071 126 2107 vei
136 2070 259 2111 revocatur,
271 2070 292 2102 et
302 2069 344 2113 ipsi
354 2071 448 2113 peccant
459 2072 481 2104 et
490 2073 610 2116 punientur
619 2086 633 2109 l.
777 2072 778 2075 ’

118 2125 150 2170 (2)
167 2126 196 2161 Gi.
215 2133 286 2169 supra,
303 2135 324 2170 p.
344 2125 390 2161 190.

119 2182 149 2227 (3)
167 2181 197 2216 Io.
207 2191 237 2215 DE
248 2182 305 2224 Duo,
318 2182 367 2218 Cod.
379 2190 418 2218 ms,
430 2183 466 2218 cit.
477 2182 514 2220 iol.
526 2184 569 2220 bssv.
585 2203 614 2209 —
624 2185 775 2222 Innocuurrus
787 2187 823 2232 IV,
834 2199 851 2224 o.
863 2198 887 2232 c,
899 2199 916 2226 c.
928 2190 946 2233 5,

91 2239 119 2275 X.
132 2237 163 2271 De
172 2237 228 2281 liliis
238 2237 409 2281 presbyterorum,
422 2237 438 2280 Ι,
451 2239 482 2275 17.
493 2258 521 2264 —
537 2250 554 2277 c.
566 2241 584 2283 5,
596 2241 623 2278 X.
636 2242 666 2276 De
677 2244 757 2278 clericis
768 2246 893 2289 coniupoiis,
906 2246 946 2290 III,

92 2295 110 2330 3.
121 2313 149 2318 -—
158 2293 349 2337 Aacmmaconos,
363 2295 483 2338 Euserium,
493 2297 522 2331 ad
532 2307 549 2333 c.
561 2297 579 2339 5,
592 2298 612 2333 C.
625 2297 641 2340 Ι,
652 2308 672 2343 q.
684 2299 702 2336 7.

119 2350 158 2401 (4)Ι
167 2349 318 2384 Inuocunrrus
333 2350 369 2393 IV,
382 2352 411 2386 ad
424 2360 441 2386 c.
456 2352 475 2394 5,
489 2352 518 2395 X,
533 2354 563 2387 De
577 2353 657 2388 clericis
671 2355 795 2398 coniupotis,
811 2356 852 2398 III,
866 2357 893 2392 3:
908 2371 916 2390 l(
926 2358 947 2391 et

91 2407 182 2441 credunt
194 2407 251 2450 quod
265 2407 287 2441 in
304 2407 344 2441 hoc
360 2416 410 2442 casu
424 2410 513 2452 propter
526 2410 675 2445 inordinatum
689 2420 819 2457 processum,
832 2414 888 2459 puta
896 2414 946 2458 quia

91 2473 134 2498 non
140 2463 258 2507 praemissa
265 2463 387 2506 cognitione
394 2464 427 2496 est
434 2464 589 2509 dispensatum,
597 2468 666 2511 possit
672 2469 767 2503 revocari
775 2469 929 2514 dispensatio...
938 2483 945 2501 l

93 2520 123 2555 Cf.
135 2519 201 2553 etiam
211 2528 227 2554 c.
240 2519 258 2561 5,
269 2518 354 2561 X,I,17,
365 2520 402 2554 ubi
412 2520 479 2564 exigit
488 2534 496 2553 (ι
505 2521 588 2556 factum
599 2522 716 2559 solemne».
727 2541 755 2548 ——
763 2524 821 2560 Alibi
831 2527 906 2562 tamen
924 2527 945 2562 in

92 2575 223 2610 contrarium
241 2582 328 2609 sensum
343 2574 447 2619 loquitur.

118 2630 149 2675 (5)
166 2631 316 2665 Innocaurrus
327 2630 364 2673 IV,
377 2641 422 2674 o.c.,
438 2632 451 2667 i.
466 2641 481 2668 c.
495 2644 502 2663 r
514 2633 581 2668 Aliter
594 2636 739 2680 praesumitur
751 2637 891 2673 temerarium
903 2638 947 2673 iac-

91 2688 139 2721 tum
150 2687 250 2732 episcopi,
261 2694 300 2722 nec
310 2687 441 2731 dispensatio
452 2688 552 2733 habetur,
570 2691 613 2725 imo
629 2693 740 2737 episcopus
757 2692 868 2737 punietur,
889 2696 948 2739 quod

92 2753 135 2778 non
148 2743 217 2786 lieret,
231 2744 248 2778 si
262 2743 407 2787 dispensasset
421 2745 476 2779 sicut
490 2746 583 2790 deberet,
597 2748 619 2783 in
632 2758 683 2784 casu
696 2749 736 2783 sibi
750 2750 889 2796 dispensabili
898 2763 912 2786 n.

120 2799 150 2843 (6)
168 2799 317 2842 Innocunrrus
330 2799 366 2842 IV,
384 2801 406 2836 in
416 2800 481 2836 textu
493 2803 599 2838 citato'ad
610 2805 685 2840 notam
697 2804 715 2847 1,
728 2805 749 2839 et
760 2806 884 2849 DunANTm,
899 2807 911 2843 l.
923 2816 947 2851 c.,

96 2855 132 2897 §a
