2139 3277
170 186 296 219 DOCTRINA
308 168 512 220 DECRETISTARUM
524 187 557 219 DE
570 187 680 219 NOTIONE
693 185 894 218 DISPENSATIONIS
922 175 964 219 103

114 295 151 339 ius
171 284 300 346 commune,
320 297 358 340 vel
377 296 532 350 dispensando
553 296 598 346 ‚vel
617 296 786 351 privilegiando
797 311 806 335 o
817 294 858 350 (1).
878 295 961 338 Nullus

114 364 194 406 tamen
211 375 291 406 eorum
307 362 467 405 differentiam
483 361 615 415 specificam
633 363 735 417 exquirit
745 363 786 417 (2),

144 431 165 473 2.
183 428 308 474 Gratianus
326 441 372 473 non
389 427 549 481 distinguebat
566 426 763 484 dispensationem
780 427 807 472 ab
825 429 977 483 interprete--

118 496 177 537 tione
193 496 253 549 lepis,
268 495 314 538 imo
328 497 472 548 potestatem
487 493 637 549 dispensandi
652 495 782 539 deducebat
796 509 825 538 ex
838 499 960 550 potestate

94 589 97 594 J
114 561 254 615 legislatoris
266 562 326 615 leges
337 559 514 615 interpretandi.
527 560 634 610 Docebat
646 560 708 605 enim
720 560 877 616 legislatorem
887 561 960 607 inter·
1017 572 1024 603 Ἀ

113 627 201 682 pretari
217 628 277 681 leges
294 628 394 682 quando
404 626 552 680 exceptiones
569 627 598 670 ab
614 626 662 669 illis
678 628 853 680 permittit,sive
868 628 962 682 privile-

112 694 158 748 gia,
177 693 227 736 sive
246 693 431 748 dispensationes
448 694 602 739 concedendo.
622 693 795 748 Subsequentes
813 693 960 737 Decretistae

113 762 174 805 banc
189 753 312 804 materiam
327 759 419 803 silentio
436 763 584 814 praetereunt
595 759 636 814 (3),
670 759 709 802 vel
723 760 861 814 simpliciter
876 760 961 815 princi-

94 870 95 873 ,
116 827 183 881 pium
197 827 303 871 Gratiani
317 840 331 870 a
344 827 394 881 iure
408 825 515 869 Romano
531 827 682 881 desumptum
696 826 829 876 enuntiant,
844 826 960 880 legislato-

112 905 163 937 rem
174 904 258 948 nempe
270 893 371 948 possein
383 892 433 947 lege
444 905 487 935 sua
498 893 639 947 dispensare,
653 892 710 947 quia
720 909 729 931 n
739 892 788 936 eius
801 896 837 935 est
847 891 962 948 interpre-

111 960 158 1003 tari
168 960 249 1014 legem,
262 959 327 1002 cuius
338 963 373 1002 est
384 970 435 1003 eam
446 960 542 1004 condere
552 975 560 998 u
572 958 612 1013 (4).
634 959 761 1003 Distinctio
772 963 853 1004 tamen
864 963 962 1014 apparet

111 1026 136 1072 in
151 1028 241 1070 Summa
256 1027 401 1069 Cononmusr
417 1039 477 1081 quae
491 1026 558 1080 plura
573 1026 673 1069 assumit
688 1040 717 1069 ex
730 1028 779 1069 iure
802 1026 908 1071 Romano
922 1026 955 1081 (5)

115 1098 139 1136 et
155 1095 219 1149 apud
234 1093 337 1135 Parnon
353 1094 500 1135 Bussnusun
511 1092 551 1147 (b).
569 1093 645 1135 Actus
661 1091 843 1147 dispensationis
859 1096 958 1136 vocatur

113 1159 208 1215 quidem
219 1160 248 1202 ab
258 1159 303 1202 illis
313 1158 484 1214 interpretatio,
494 1160 534 1201 sed
544 1159 613 1212 plane
624 1158 716 1204 diversa
726 1160 755 1202 ab
765 1159 961 1213 interpretatione

113 1226 218 1269 iudiciali
227 1229 251 1268 et
259 1226 395 1281 magistrali.
406 1225 459 1269 Hae
468 1229 523 1268 sunt
532 1229 600 1268 actus
609 1224 750 1271 doctrinales
760 1229 784 1268 et
792 1224 961 1280 prudentiales,

112 1293 201 1349 quibus
216 1294 347 1336 declaratur
360 1305 409 1337 rem
424 1292 467 1335 sub
481 1291 627 1346 obligatione
640 1291 696 1346 legis
710 1304 756 1336 non
770 1293 868 1341 cadere;
882 1292 911 1335 ab
925 1292 960 1337 in-

111 1359 189 1402 teriori
202 1359 341 1403 auctoritate
354 1358 454 1402 exerceri
465 1362 570 1413 possunt.
592 1358 741 1412 Dispensatio
755 1362 837 1403 contra
848 1362 883 1401 est
895 1362 962 1402 actus

111 1425 286 1475 iurisdictionis,
316 1435 375 1480 quae
390 1425 479 1480 primae
494 1424 547 1467 Sedi
562 1438 602 1467 seu
616 1425 663 1479 ipsi
677 1424 806 1479 legislatori
819 1429 960 1475 reservatur,

113 1491 168 1536 nam
180 1509 189 1531 n
199 1492 248 1534 eius
261 1495 296 1534 est
309 1492 442 1547 dispensare
455 1491 520 1534 cuius
533 1496 568 1534 est
581 1492 679 1534 condere
692 1495 716 1534 et
726 1491 877 1546 interpretari
888 1505 896 1528 u
907 1491 950 1546 (7).

71 1596 73 1598 ,
140 1560 162 1601 3.
180 1559 227 1601 Nec
248 1560 325 1613 plures
346 1559 467 1603 notionem
488 1557 669 1613 dispensationis
690 1558 750 1601 clare
771 1558 921 1611 distinguunt
942 1573 956 1602 a

113 1625 210 1670 notione
228 1623 376 1667 absolutionis
403 1625 428 1668 in
445 1624 524 1679 poenis
542 1623 721 1668 medicinalibus
739 1629 781 1668 aut
799 1623 958 1670 vindicativis.

112 1692 160 1734 Sub
174 1691 268 1735 nomine
281 1690 461 1746 dispensationis
474 1694 547 1745 agunt
560 1708 568 1731 e
579 1692 607 1733 de
620 1690 764 1737 relaxatione
778 1704 892 1747 poenae»,
903 1691 953 1735 imo

111 1763 136 1802 ct
158 1759 206 1800 «dc
228 1757 373 1814 mitigatione
396 1756 624 1815 poenitentiaeuffl).
647 1757 797 1805 Poeniteutia
818 1762 876 1802 tunc
897 1761 957 1802 tem,

137 1969 168 2013 (1)
183 1969 269 2004 Summe
277 1966 423 2008 Decretnlr'um,
431 1965 567 2011 Lasnnnaas,
583 1966 652 2012 p.·254
659 1967 686 2001 ad
697 1967 731 2010 §3,
738 1967 772 2002 tit.
781 1967 813 2009 28,
821 1968 846 2005 V.

137 2025 167 2069 (2)
183 2024 205 2059 Si
221 2025 294 2061 tamen
311 2022 391 2067 aliquid
409 2021 510 2066 suspicari
526 2022 582 2065 licet,
599 2023 685 2068 videtur
703 2024 831 2059 conformius
849 2025 959 2063 doctrinae

111 2081 278 2126 Decretistarum
296 2081 364 2114 dicere
381 2079 560 2131 dispensationem
578 2080 692 2114 concedere
708 2079 740 2114 ius
758 2080 897 2125 obiectivum,
915 2094 957 2119 non

110 2147 193 2173 merum
205 2137 237 2173 ius
250 2136 398 2178 subiectivum,
412 2144 460 2171 cum
472 2144 498 2169 ex
510 2145 552 2171 una
564 2137 626 2179 parte
639 2136 819 2180 dispensationem
833 2147 879 2173 cum
891 2141 958 2183 privi-

110 2195 163 2239 legio
173 2193 314 2235 identificent,
325 2194 346 2228 et
356 2201 382 2226 ex
391 2191 434 2230 alia
443 2192 504 2235 parte
513 2192 647 2236 privilegium
658 2194 736 2228 vocent
746 2194 938 2231 «constitutionem
950 2209 957 2228 »

111 2252 194 2294 etegent
209 2250 311 2285 minorem
320 2262 333 2284 a.
351 2249 412 2292 Quod
427 2247 502 2284 clarius
515 2249 587 2284 adhuc
600 2249 663 2293 patet
677 2256 703 2282 ex
717 2258 740 2285 eo
755 2250 813 2293 quod
827 2252 957 2296 praecipuas

111 2307 277 2353 dispensationes
290 2305 397 2350 inprimis
411 2304 498 2342 saeculis
510 2304 617 2340 Ecclesiae
630 2313 738 2340 concessas
752 2307 798 2341 eta
811 2307 912 2343 Gratiano
926 2317 957 2342 re-

104 2363 163 2401 latas
174 2363 252 2398 vocent
261 2374 268 2393 <c
276 2362 330 2405 leges
341 2361 432 2397 minores
440 2374 454 2396 n.
465 2360 542 2396 Utrum
553 2362 641 2397 Summa
650 2361 763 2405 Lipsiensis
774 2364 795 2397 et
805 2363 957 2408 subsequentes

110 2418 264 2455 Decretalistae
273 2418 344 2463 potius
355 2418 446 2466 cloccant
457 2417 636 2461 dispensationem
647 2419 760 2453 concedere
770 2418 802 2453 ius
814 2418 957 2455 subiectivum

109 2477 204 2517 tantum,
218 2484 261 2510 non
273 2474 347 2519 liquet.
361 2474 441 2511 Tamen
455 2482 497 2509 non
510 2473 628 2518 loquuntur
642 2474 668 2508 de
681 2475 870 2510 «constitutione»
883 2476 918 2511 vel
932 2469 958 2511 de

109 2533 171 2575 «lege
182 2530 275 2566 minori»
287 2531 371 2575 quando
383 2530 451 2574 agunt
463 2530 488 2564 de
500 2530 664 2576 dispensatione.

109 2594 111 2629 t
137 2588 167 2632 (3)
184 2588 218 2626 lta
228 2586 367 2631 Pnuecpulec.
805 2604 806 2607 =

807 2642 825 2679 1.

182 2756 212 2792 Cin
222 2754 333 2799 Speculum
342 2753 394 2790 iuris
402 2753 503 2796 cononici,
511 2762 532 2799 p.
543 2753 575 2790 18.

182 2813 233 2848 God.
242 2820 280 2847 ms.
290 2812 325 2847 cit.
334 2810 370 2846 iol.
380 2810 414 2846 35.
438 2825 444 2828 ·
