2182 3277
190 172 219 225 82
248 194 281 224 on
288 184 350 225 nisu.
362 196 376 224 n
385 184 499 224 uacatio
508 184 626 224 6111111111
633 182 712 232 usoiin
720 187 752 226 Ab
762 186 871 236 oiossnir
879 186 1048 240 onbrnnnrnir

147 351 148 354 Ἰ
190 299 254 341 notio
269 300 328 341 iuris
343 300 457 343 naturalis
473 300 586 346 Gratiano
602 301 695 344 omnino
711 290 852 343 subsidiaria
866 304 907 349 est,
924 312 979 344 nam
994 313 1054 344 eam-

190 361 327 417 'simpliciter
341 365 482 409 refertinter
490 369 651 417 auctoritates,
668 367 870 419 statim'addcndo
881 368 885 407 ἐ
900 382 908 404 (1
919 370 954 408 est
965 371 1045 410 autem

191 433 213 470 et
226 431 272 473 alia
286 432 370 473 divisio
383 432 440 473 iuris
450 428 465 474 1.
479 433 512 474 Α1
525 435 595 477 simul
609 435 706 476 aiteram
719 434 840 477 notionem
850 433 908 474 iuris
922 427 1043 483 naturalis,

188 497 259 538 etiam
273 510 303 539 ex
317 498 406 553 Isidoro
420 500 578 553 desumptam,
592 501 668 543 tradit
682 500 822 548 Gratianus,
830 499 945 552 potiorem
958 503 982 541 et
995 511 1045 542 ma-

182 562 221 614 gis
233 564 360 616 propriam,
374 576 427 607 cum
440 566 467 607 de
480 579 507 608 ea
520 571 576 619 agat
588 567 613 608 in
626 567 702 616 dictis,
715 567 740 610 in
753 565 845 620 quibus,
858 565 893 606 uti
905 559 989 608 notum
1001 569 1044 615 est,

188 630 306 682 propriam
323 631 455 674 doctrinam
473 634 593 686 proponit.
611 633 714 675 Isidorus
730 625 794 686 leges>
808 632 933 684 distinguit
946 632 971 673 in
986 632 1064 673 divi-0

187 707 228 737 nas
241 708 301 749 qnae
314 700 407 746 natura,
421 701 445 739 et
456 697 580 747 humanas,
594 711 653 752 quae
667 699 773 741 moribus
786 700 902 742 constant.
916 697 1044 740 Gratianus
1083 707 1085 710 ’

187 759 247 804 hauc
261 762 402 806 divisionem
414 764 439 805 in
452 765 575 807 notissimo
590 765 685 806 exordio
699 765 794 807 Decreti
808 764 915 807 admittit
928 764 1043 807 dicendo:

188 826 345 872 «Humanum
358 839 431 882 genus
445 831 536 873 duobus
549 831 645 883 regitur,
658 832 759 873 naturali
772 831 882 873 videlicet
893 832 943 872 iure
956 834 1043 883 611116-
1075 889 1077 891 ¹

122 908 124 916 ,
188 893 251 936 ribus
262 910 277 936 b.
291 895 366 936 litores
379 896 582 949 comprehendunt
594 900 647 940 tum
658 894 694 939 ius
707 898 782 945 civile,
812 900 864 938 tum
875 897 911 938 ius
923 897 1042 949 gentium.

189 959 244 1003 Inde
252 961 289 1002 ius
299 962 406 1003 naturale
422 962 515 1006 divinae
524 963 568 1016 legi
578 963 805 1016 assimilat,illudque
815 974 876 1004 nova
894 962 1040 1011 definitione,

187 1037 246 1078 quae
258 1027 387 1070 canonistis
399 1029 492 1081 propria
504 1029 602 1078 dicetur,
616 1026 741 1071 describit:
763 1046 771 1067 u
784 1030 822 1071 Ius
834 1030 896 1082 quod
907 1029 932 1070 in
944 1029 1004 1082 Lege
1016 1032 1040 1070 et

187 1090 315 1145 Evangelio
336 1094 471 1136 continetur
481 1110 496 1136 1.
517 1094 586 1138 Hanc
604 1096 661 1137 iuris
680 1096 794 1139 naturalis
814 1096 934 1139 notionem
953 1099 978 1137 et
991 1108 1037 1138 non

186 1157 283 1200 alteram
294 1159 339 1199 iuri
352 1158 458 1201 Romano
471 1162 544 1214 magis
556 1161 658 1204 vicinam
669 1163 767 1204 ulterius
779 1163 887 1216 explicat,
900 1162 1039 1214 assignando

189 1224 244 1265 eius
255 1224 402 1267 differentias
419 1237 472 1269 cum
489 1229 657 1271 consuetudine
672 1230 710 1270 vel
727 1226 912 1271 constitutione:
928 1228 964 1270 ius
980 1228 1039 1269 illud

189 1291 318 1342 primatum
338 1295 406 1334 tenet
426 1296 539 1346 tempore,
562 1295 618 1347 quia
653 1296 730 1348 coepit
751 1295 781 1337 ab
802 1295 896 1336 exordio
917 1295 1039 1336 rationalis

187 1361 306 1399 creaturae
322 1357 388 1410 (dict.
405 1357 469 1401 Grat.
489 1373 509 1402 a.
526 1373 545 1401 c.
563 1360 581 1408 1,
598 1359 627 1401 D.
644 1359 742 1413 1111166
757 1361 864 1402 variatur
877 1363 982 1413 tempore
997 1361 1037 1401 sed

183 1423 332 1465 immutabile
350 1429 479 1484 permanet,
497 1424 597 1479 ideoque
616 1427 727 1468 adversus
744 1428 802 1468 illud
820 1426 884 1469 nulla
901 1426 1038 1468 admittitur

185 1489 327 1542 dispensatio
341 1490 406 1543 (dict.
420 1490 484 1534 Grat.
498 1506 518 1542 a.
532 1505 550 1533 c.
565 1493 584 1541 1,
597 1492 626 1534 D.
639 1491 719 1546 XIII).
732 1493 822 1535 Eodem
833 1493 882 1533 iure
894 1492 973 1536 omnia
985 1495 1040 1536 sunt

183 1557 323 1605 communia,
350 1558 406 1599 dnm
417 1558 586 1600 constitutione
597 1559 641 1600 hoc
652 1563 687 1600 est
700 1569 787 1605 meum,
797 1559 855 1600 illud
867 1558 959 1600 alterius
970 1558 1037 1612 (dict.

185 1622 249 1665 Grat.
261 1637 282 1665 a.
293 1636 312 1665 c.
326 1623 344 1672 1,
357 1623 386 1664 D.
399 1623 467 1677 VIII)
478 1638 484 1673 3
496 1626 612 1678 dignitate
623 1625 743 1678 praevalet
754 1626 810 1678 quia
821 1628 857 1666 est
867 1637 948 1667 norma
958 1625 1035 1667 omnis

183 1690 361 1732 constitutionis
377 1690 415 1731 vei
431 1692 615 1740 consuetudinis,
631 1692 665 1734 ita
680 1695 708 1733 ut
724 1692 841 1745 quidquid
856 1691 1035 1734 incontrarium

181 1758 309 1805 statuatur,
322 1756 415 1798 irritum
428 1757 460 1797 sit
473 1757 539 1811 (dict.
555 1757 619 1800 Grat.
635 1772 654 1800 a.
669 1771 687 1800 c.
702 1758 722 1806 2,
738 1758 767 1811 D.
782 1757 828 1798 VII
844 1756 859 1809 1.

210 1820 230 1863 3.
249 1822 390 1875 Supradicta
411 1826 491 1866 tamen
512 1824 616 1877 rigorose
637 1825 693 1865 iuris
715 1824 830 1867 naturalis
851 1823 1034 1866 immutabilitas

181 1887 310 1930 difficulter
322 1889 431 1941 componi
443 1894 536 1942 poterat
548 1902 601 1933 cum
614 1889 752 1933 definitione
765 1902 836 1943 quam
850 1890 953 1932 eiusdem
974 1890 1033 1931 iuris

180 1955 326 1996 tradiderat:
340 1955 409 1997 nimis
421 1956 482 1998 enim
494 1957 578 2009 cuique
590 1956 743 1999 manifestum
756 1969 805 1997 esse
822 1954 923 1998 debebat
933 1956 958 1998 in
969 1955 1031 2008 Lege

180 2022 295 2073 quaedam
311 2021 433 2071 contineri,
449 2034 508 2075 quae
523 2026 607 2076 postea
620 2025 713 2065 mutata
728 2026 791 2065 sunt.
808 2021 883 2073 Quam
899 2022 1029 2064 difficulta-

179 2091 226 2128 tem
239 2088 288 2140 ipse
304 2087 431 2130 Gratianus
444 2089 516 2130 solvit
529 2088 690 2129 distinctione:
714 2100 797 2131 verum
811 2092 854 2137 est,
869 2089 909 2137 ait,
932 2089 957 2130 in
970 2088 1031 2141 Lege

180 2156 204 2194 ct
221 2154 348 2207 Evangelio
367 2154 481 2197 contineri
497 2156 533 2196 ius
552 2156 665 2203 naturale,
677 2157 724 2206 sed
741 2171 749 2192 u
761 2167 807 2198 nou
825 2155 903 2197 omnia
921 2167 980 2208 quae
998 2154 1031 2196 ibi

175 2210 339 2267 ’111116111111111111
353 2220 455 2262 naturali
466 2221 511 2262 iuri
523 2222 649 2264 cohaerent
659 2236 673 2262 1.
688 2220 755 2272 Quod
768 2220 853 2273 probat
865 2221 1030 2273 distinguendo

179 2289 319 2340 praecepta:
334 2286 380 2328 alia
393 2290 448 2329 suut
460 2288 522 2330 enim
535 2288 640 2336 moralia,
654 2288 699 2330 alia
712 2288 821 2342 mystica.
834 2287 945 2336 Monilia,
959 2290 1031 2341 prout

178 2368 186 2389 u
197 2365 243 2394 non
261 2353 371 2394 occides»
390 2353 419 2394 ad
437 2353 473 2394 ius
491 2354 598 2396 naturale
616 2354 741 2407 pertinent,
762 2356 786 2395 et
801 2354 854 2395 ideo
871 2350 1030 2397 immutabilia

178 2423 248 2475 sunt3
265 2418 364 2471 mystico
381 2422 467 2468 antem,
485 2423 602 2473 quantum
619 2420 649 2462 ad
665 2420 813 2473 superficiem
830 2433 844 2462 a
858 2419 1028 2470 iurenaturali

178 2485 253 2529 aliena
267 2488 339 2532 suut;
356 2488 473 2538 quantum
488 2488 517 2528 ad
532 2487 645 2529 moralem
659 2487 812 2535 intellectum,
828 2486 981 2530 inveniuntur
994 2485 1028 2526 illi
1079 2495 1081 2498 ·

178 2564 275 2601 annexa,
294 2555 318 2593 61
335 2552 413 2604 quoad
429 2552 473 2593 hoc
488 2552 648 2595 immutabilia
660 2551 697 2605 (1).

206 2619 226 2659 4.
246 2619 273 2662 111
287 2618 431 2661 connexione
445 2630 497 2660 cum
510 2620 550 2661 illa
563 2619 670 2662 doctrina
684 2620 752 2660 docet
765 2619 838 2661 etiam
861 2630 955 2660 canones
968 2617 1028 2659 ordi-

177 2684 323 2738 nationesque
338 2683 493 2736 apostolorum
509 2698 557 2727 esse
571 2685 738 2736 immutabiles,
755 2685 814 2730 'nam
828 2701 837 2723 1
847 2685 876 2727 ab
891 2685 1031 2739 apostolicis·

206 2875 234 2920 (1)
250 2877 307 2914 Dict.
322 2878 380 2914 Grat.
393 2888 414 2924 p.
428 2886 452 2922 c.,
467 2879 485 2923 1,
499 2878 525 2916 D.
538 2878 575 2916 VI.
