2182 3277
132 187 176 240 212
278 194 311 238 bn
324 193 637 243 orsrensnrroicrleusnrir'n
651 194 846 239 nicosiensem
882 251 886 255 ἱ
945 250 948 253 ¹

131 319 243 361 teneatur
253 329 281 358 ex
290 318 339 359 iure
349 317 452 361 naturali
462 333 478 359 1,
493 316 553 360 Item
564 317 764 371 dispensationem
772 316 797 359 in
803 316 973 369 impedimento

134 382 234 431 Ordinis,
243 383 333 426 ratione
341 384 393 425 voti
402 384 495 432 adnexi,
505 385 568 437 quod
576 387 611 426 est
618 381 806 436 indispensabile,
816 382 921 424 excludit
932 381 973 435 (1).
1009 415 1013 421 ,

134 448 172 490 lus
184 450 291 493 naturale
302 449 339 492 hic
350 450 459 499 sumitur,
472 453 499 491 ut
510 451 674 499 communiter,
686 461 728 503 pro
739 452 866 505 praecepto
877 449 902 490 in
913 447 973 501 Lege

132 519 156 557 et
183 515 311 567 Evangelio
328 506 446 559 contento.
479 516 546 567 Quod
561 517 632 560 etiam
647 519 715 569 patet
730 528 759 556 ex
779 506 898 557 Roennro
916 513 976 555 FLA-

118 592 295 622 ,11111111111111
311 581 376 635 (ante
393 581 468 636 1210),
485 582 525 636 qui
541 582 614 623 dicit:
629 598 638 619 1
648 582 711 623 unde
726 580 798 623 habet
812 584 897 623 votum
912 580 972 623 lianc

131 649 253 696 virtutem,
263 644 318 701 quia
331 649 359 690 de
371 649 422 689 iure
435 648 539 690 naturali
552 650 593 697 est,
608 648 657 690 scil,
672 648 700 689 de
713 646 773 700 Lege
785 647 826 689 vel
836 646 972 699 Evangelio,

131 714 224 756 dicente
237 714 369 766 propheta:
385 718 471 756 vovete
486 717 509 756 et
523 715 621 756 reddite.
638 714 726 757 Contra
744 713 829 766 Legem
842 713 881 754 vel
895 712 973 754 Evan-

130 780 216 833 gelium
232 783 318 830 autern,
335 792 404 824 nemo
424 781 557 833 dispensare
572 784 659 834 potest,
677 781 733 833 quia
748 779 777 822 ab
794 792 835 821 ore
851 779 895 820 Dei
910 779 974 821 edita

130 849 186 888 sunt
195 862 204 884 r
216 845 256 899 (2).
269 846 313 888 Sed
323 840 379 888 huic
390 847 514 892 doctrinae
524 847 619 888 ridetur
629 845 732 894 obstare,
743 848 770 887 ut
781 846 821 894 ait,
834 846 897 898 quod
908 844 972 898 Papa

129 912 272 966 (Alexander
285 912 331 965 111)
342 912 430 964 pluries
442 912 613 965 dispensaverit
626 923 678 953 cum
690 910 844 953 subdiacono.
867 910 972 963 Respon-

126 978 169 1019 ‘det
175 971 268 1030 Papam
277 977 409 1020 1111111111
417 989 484 1030 posse
494 990 523 1019 ex
532 978 639 1030 opinione
648 981 717 1032 jquae
726 980 789 1019 tenet
804 976 971 1030 obligationem

127 1044 177 1085 uoti
187 1044 248 1092 oriri,
268 1056 313 1086 non
323 1057 351 1085 ex
367 1045 418 1085 11111
441 1044 550 1093 naturali,
576 1045 615 1096 sed
632 1056 661 1084 ex
679 1044 827 1085 solemnitate
845 1043 970 1092 Ecclesiae,

95 1163 97 1165 ι
128 1113 199 1164 prout
226 1110 305 1151 tenuit
318 1110 451 1152 Bernartius
465 1110 587 1162 Papiensis
598 1109 638 1163 (3).
657 1109 731 1150 Addit
747 1113 827 1152 tamen
845 1110 970 1151 1111111111

126 1175 258 1218 reuerentia
269 1175 354 1229 Papae,
367 1177 431 1230 quod
443 1176 499 1225 dixi,
511 1176 587 1218 tutius
597 1176 693 1233 videtur
702 1191 711 1213 1
723 1175 761 1229 (1).

157 1243 205 1285 Neo
228 1254 280 1285 cum
303 1242 457 1296 Huggucione
480 1242 688 1286 commutationem
710 1242 770 1285 illius
791 1242 843 1285 voti
866 1242 973 1285 admittit

127 1308 251 1356 Robertus,
266 1308 321 1361 quia
338 1311 413 1349 «1111
443 1308 601 1350 continentiae
629 1308 667 1349 vel
684 1308 800 1361 religionis
816 1308 912 1361 aequal:
932 1308 970 1349 vel

127 1375 203 1418 maius
220 1387 266 1417 non
281 1374 408 1422 iuvenitur,
425 1376 487 1417 unde
504 1368 645 1417 eomnnit'an
662 1386 709 1415 non
725 1377 803 1427 potest
814 1390 822 1411 r
834 1372 875 1427 (5),
891 1373 967 1416 Ambo

128 1439 208 1485 tamen
222 1452 274 1483 cum
286 1441 420 1490 Alexandro
435 1439 470 1481 111
482 1440 507 1482 in
519 1439 662 1494 quibusdam
674 1440 739 1482 11111
750 1440 897 1489 uoluntariis,
910 1443 969 1493 puta
986 1446 987 1449 ’

127 1507 323 1561 peregrinationis
336 1507 467 1549 admittunt
480 1509 504 1547 et
515 1506 700 1558 redemptionem
713 1509 736 1547 et
749 1507 966 1549 comrmrtationem.

151 1698 180 1743 (1)
197 1698 227 1734 Cl.
241 1706 312 1741 supra,
323 1706 345 1741 p.
359 1696 404 1732 130.

150 1755 181 1800 (2)
196 1754 226 1790 Cf,
241 1755 315 1788 textus
329 1754 387 1798 apud
402 1752 508 1794 anrsmr,
524 1751 638 1787 Gesclriclitc
652 1753 686 1787 des
703 1754 845 1789 Gononz'senen
859 1755 969 1789 Ebcreclrts

126 1812 156 1846 bis
171 1820 216 1847 eum
235 1810 313 1854 Versoll
326 1810 360 1844 der
375 1809 575 1851 Glossenlitterotur,
588 1819 609 1853 p.
625 1810 670 1846 756.

152 1867 182 1912 (3)
198 1867 229 1902 Gt.
243 1866 381 1908 Sonaanncn,
394 1874 411 1901 o.
425 1875 448 1907 c.,
459 1874 480 1909 p.
495 1864 540 1900 162.

151 1924 181 1968 (1)
198 1923 250 1958 iord.
263 1936 270 1954 1
280 1922 428 1966 Ρ(ο111111111);
448 1921 524 1956 Nonne
544 1920 667 1965 frequenter
679 1931 728 1956 eum
741 1923 871 1960 subdiacono
885 1924 967 1968 dispen-

125 1980 227 2024 satrapa
234 1980 260 2013 11
267 1978 382 2016 contrahat
390 1977 568 2024 matrimonium?
577 1977 639 2022 Ergo,
648 1977 683 2013 vel
691 1978 800 2023 dispensat
809 1980 884 2016 contra
892 1981 968 2015 votum
1015 1990 1017 1993 ⁴

126 2037 225 2078 solemne,
236 2036 294 2079 quod
304 2036 390 2070 videtur
399 2034 446 2069 fieri
456 2034 531 2070 contra
541 2034 653 2078 rationem,
664 2035 699 2070 vel
708 2036 736 2070 ad
746 2036 816 2071 minus
825 2032 877 2072 uera
888 2036 920 2070 est
928 2036 968 2072 illa

125 2093 204 2137 opinio,
214 2092 272 2136 quod
281 2093 356 2127 votum
367 2091 456 2136 simplex
465 2090 547 2125 nullum
558 2091 638 2125 dirimit
646 2092 807 2128 matrimonium
817 2119 821 2127 .
832 2092 952 2137 S(acerdos)
963 2103 968 2129 :

127 2150 214 2193 Utique,
226 2146 302 2191 aliquis
312 2156 385 2182 eorum
396 2148 433 2191 qui
443 2147 482 2181 hoc
493 2147 568 2182 dicunt
577 2147 647 2191 legens
657 2157 734 2191 parum
743 2149 765 2183 in
776 2150 873 2192 decretis,
884 2157 968 2184 conces-

127 2206 155 2240 sit
166 2205 218 2239 milri
230 2204 289 2247 quod
300 2205 364 2240 etiam
376 2212 426 2237 oum
437 2203 547 2239 sacerdote
557 2205 630 2247 posset
642 2204 764 2248 dispensare
775 2205 835 2249 Papa
846 2206 872 2239 ut
884 2208 967 2242 contra-

125 2262 186 2296 heret
196 2260 364 2301 matrimonium,
376 2260 450 2295 eadem
460 2259 544 2296 ratione
555 2268 602 2293 cum
612 2261 692 2297 abbate
703 2261 842 2303 Cisterciensi,
854 2263 875 2295 et
885 2262 926 2299 hac
935 2270 967 2298 ra-

124 2318 182 2353 tione
192 2319 269 2353 uotum
278 2316 300 2351 in
311 2318 417 2360 quantum
428 2316 459 2349 est
468 2316 552 2357 votum,
562 2325 604 2351 non
615 2317 696 2351 dirimit
705 2318 873 2361 matrimonium,
884 2318 967 2353 1111111-

124 2375 162 2409 bet
176 2382 203 2408 ex
217 2374 250 2407 sui
264 2372 407 2414 solemnitate,
424 2371 446 2404 et
458 2372 499 2406 lroc
514 2371 605 2407 contulit
619 2372 727 2411 Ecclesiae
740 2373 871 2410 institutio...
888 2375 966 2418 Ergo„

124 2431 172 2473 Sed,
184 2429 245 2465 salva
256 2430 286 2464 sic
295 2428 415 2464 reverentia
427 2428 504 2472 Papae,
518 2428 575 2472 quod
587 2429 637 2472 dixi,
648 2430 718 2465 tutius
727 2424 814 2465 'videtur
823 2445 836 2466 1.

151 2487 181 2531 (5)
197 2485 250 2521 lhid.
261 2498 269 2517 1
279 2485 300 2519 Si
310 2486 363 2520 hene
374 2484 467 2526 memini,
478 2484 553 2519 dixisti
563 2486 620 2528 quod
630 2486 741 2531 episcopus
750 2487 824 2533 potest
833 2487 966 2521 commutare

123 2545 200 2578 votum
214 2542 303 2586 aliquod
318 2543 339 2575 et
352 2549 410 2586 papa
426 2540 529 2583 similiter,
545 2541 582 2576 sed
596 2551 638 2577 non
654 2543 775 2587 dispensare
790 2543 865 2578 contra
879 2542 967 2586 aliquod

122 2598 155 2635 ie.
169 2608 194 2633 ex
207 2599 254 2633 toto
266 2598 351 2632 irritum
362 2597 439 2631 lacere.
452 2597 492 2632 Die
504 2605 591 2641 quaeso,
603 2599 661 2642 quod
673 2601 750 2634 votum
762 2602 794 2635 est
806 2599 965 2642 commutabile,

122 2657 180 2698 quod
190 2665 239 2690 non.
251 2653 271 2690 S.
283 2664 287 2687 ε
300 2654 380 2688 Dicunt
390 2653 478 2696 quidam
490 2653 548 2696 quod
558 2653 610 2689 illud
621 2657 697 2690 votum
709 2656 742 2690 est
752 2655 912 2697 commutabile,
923 2665 964 2699 quo

114 2711 202 2756 :aliquid
213 2710 288 2745 melius
300 2710 333 2745 vel
345 2711 378 2744 cut
389 2709 471 2752 aliquid
482 2717 522 2753 par
533 2709 555 2743 et
565 2711 654 2754 aequale
665 2712 739 2756 potest
749 2713 854 2753 irrueniri;
866 2712 905 2745 ubi
915 2719 965 2746 vero

119 2769 220 2802 neutrum
233 2767 350 2809 invenitur,
365 2766 398 2799 est
411 2766 594 2802 incommutabile.
608 2767 673 2802 Verbi
688 2769 764 2812 gratia,
779 2770 830 2804 voto
844 2768 977 2818 peregrina-y

118 2824 182 2858 tionis
196 2824 218 2857 et
232 2822 376 2864 abstinentiae
389 2820 463 2865 potest
477 2821 559 2865 aliquid
573 2823 663 2858 inveniri
678 2824 760 2867 melius,
775 2825 831 2860 unde
846 2824 965 2860 commnta-

116 2879 167 2916 bilia
178 2881 228 2914 sunt
238 2889 242 2919 ;
260 2880 311 2914 voto
322 2878 429 2913 castitatis
436 2877 473 2912 ¹vel
482 2878 590 2920 religionis
599 2880 651 2914 nihil
661 2881 751 2923 aequale
760 2881 794 2916 vel
804 2880 872 2915 maius
882 2881 964 2915 inveni-

113 2930 158 2978 tur,
169 2936 226 2969 unde
236 2935 363 2969 commutari
373 2944 415 2969 1111
425 2935 561 2977 possuntne*
571 2936 628 2970 Nota
638 2936 739 2971 intimam
750 2938 904 2972 connexionem
916 2945 964 2971 cnm

116 2991 212 3026 doctrina
224 2991 320 3033 Hugonis
331 2999 343 3025 a
354 2990 373 3026 S.
385 2990 478 3031 Victore,
490 2991 512 3024 et
522 2989 581 3025 Petri
591 2983 762 3037 Lombardi,qui
772 2993 837 3031 etiam
846 2992 962 3037 aliqnando

112 3047 134 3084 in
143 3049 183 3086 hac
192 3047 282 3096 materia
292 3047 387 3081 citantur
395 3046 540 3083 acanonistis.
