2139 3277
362 207 396 237 nn
404 208 508 240 01115010
515 208 730 239 nrsrnusarionun
867 210 869 213 ·
936 195 978 239 123

138 330 221 371 nempe
235 317 274 374 ius
288 321 386 360 naturae
403 316 526 360 dicebatur
541 318 594 360 rius
610 319 673 373 quod
687 319 712 361 in
727 317 789 371 Lege
804 321 828 359 et
843 318 974 371 Evangelio
999 310 1000 313 '
1036 372 1038 374 ι

135 384 269 427 continetur
278 396 301 431 »ς
318 382 375 425 dicit
383 382 445 426 enim
455 381 574 425 Rufinus:
590 399 598 421 r
607 384 643 426 ius
659 384 766 427 naturale
783 386 818 426 est
834 384 898 439 quod
912 384 937 426 in
952 383 975 426 S.

136 449 256 504 Scriptura
270 449 423 492 continetur»
434 448 468 503 (1)
482 450 520 491 vel
534 465 542 487 r
551 449 575 492 in
590 450 654 492 libris
669 449 760 493 Veteris
775 453 798 493 et
812 449 875 493 Novi
891 448 973 493 Testa-

135 515 210 558 menti
225 518 262 558 est
277 515 442 568 adscriptum»
453 513 494 568 (2).
512 514 569 558 Cum
585 514 697 568 magistro
713 516 786 559 etiam
802 516 911 559 admittit
927 528 974 559 non

135 594 203 624 omne
215 573 323 636 quodibi
336 580 470 636 continetur
482 581 603 623 excludere
615 581 791 625 relaxationem.
805 581 900 626 Etenim
912 582 977 636 prin-

135 647 195 700 cipio
209 661 223 690 a
237 645 349 688 Gratiano
364 645 441 699 posito
456 647 628 690 restrictionem
642 646 726 688 addit:
740 662 748 684 r
759 648 871 690 adversus
883 649 921 690 1115
935 659 976 691 na-

133 714 216 761 turale,
227 711 336 753 exaudior
345 711 418 764 quood
425 713 547 765 praecepto
555 714 577 753 et
584 711 755 765 prohibitiones,
766 712 830 755 nulla
839 714 976 756 admittitur
1042 763 1050 772 .

134 779 278 832 dispensatio
289 794 304 821 1,
318 777 501 820 Distinetionem
514 777 620 820 Gratiani
631 777 693 819 inter
704 778 853 831 superficiem
865 782 889 821 et
900 791 977 822 mora·

133 846 179 887 lem
189 845 370 898 intelligentiam
381 847 560 897 praeceptorum
570 844 725 898 mysticorum
737 843 828 886 Veteris
840 844 976 899 Testamenss

133 911 153 952 ti
167 911 264 959 omittit,
280 910 417 964 simpliciter
431 910 573 953 affirmando
589 913 714 963 praecepta
728 909 831 964 mystica
845 924 885 953 seu
900 923 977 954 eaere-

133 978 244 1020 monialia
254 978 380 1032 nequidem
389 977 421 1018 ‘ad
431 977 469 1018 1115
480 977 587 1019 naturale
598 977 721 1029 pertinere,
734 980 758 1019 et
769 976 866 1030 proinde
878 977 973 1021 omnino
1017 978 1018 981 ’

133 1057 182 1085 5555
190 1043 315 1086 mutabilia
326 1042 366 1096 (3).
375 1043 471 1088 Praeter
479 1043 540 1085 hane
548 1042 720 1086 restrictionem
729 1044 817 1085 nullam
827 1044 895 1088 addit
903 1044 973 1088 aliam

133 1112 157 1150 et
170 1110 223 1150 inde
238 1108 327 1162 optime
340 1108 480 1160 intelligitur
494 1109 612 1162 quomodo
627 1100 726 1150 doceat:
760 1124 769 1145 r
778 1109 974 1161 indispensabilia

133 1179 189 1218 sunt
199 1175 246 1224 illa,
260 1186 360 1228 quarum
372 1175 487 1217 mandata
498 1174 537 1215 vel
547 1173 675 1215 interdieta
687 1175 777 1226 exlege
790 1175 915 1218 moralium
928 1173 973 1227 (in-

51 1266 60 1270 s
132 1242 225 1294 tellige':
245 1244 337 1293 partem
355 1239 467 1283 moralem
487 1239 577 1281 Veteris
596 1239 760 1292 Testamenti),
780 1240 817 1281 vel
836 1241 974 1293 evangelica

132 1307 171 1349 vel
188 1306 317 1360 apostolica
332 1306 484 1348 institutione
501 1305 663 1363 principaliter
679 1304 725 1357 (1.5.
744 1306 816 1348 etiam
833 1306 873 1348 ubi
891 1307 974 1349 Patres

97 1405 101 1407 -
134 1373 222 1427 aliquid
234 1375 371 1422 statuerunt
383 1372 505 1425 quodiam
517 1371 566 1413 iure
580 1371 682 1413 naturali
703 1375 754 1414 erat
766 1371 896 1425 statutum)
919 1385 975 1425 pen-

89 1435 99 1442 *
113 1485 114 1488 Ἴ
134 1440 197 1487 dent,
207 1439 296 1480 scilicet
305 1442 332 1480 ut
342 1437 382 1491 qui
392 1436 499 1479 absolute
509 1440 592 1480 notum
601 1436 683 1479 iecerit
692 1439 784 1486 reddat,
794 1440 822 1479 ut
831 1439 868 1480 vir
876 1439 975 1483 vivente

133 1517 205 1547 1111015
218 1504 289 1547 aliam
301 1517 347 1547 000
360 1504 439 1552 ducat,
453 1506 481 1544 ut
493 1503 570 1545 nullus
582 1503 757 1545 inconsecratus
770 1503 842 1547 alium
855 1508 975 1547 consecret

134 1570 172 1612 vel
185 1570 280 1613 missam
294 1569 401 1617 celebret,
416 1572 444 1610 nt
457 1569 535 1611 nullus
549 1570 611 1611 dona
624 1568 783 1612 ecclesiastica
795 1581 836 1622 per
849 1570 974 1623 pecuniam

136 1636 249 1690 acquirat,
267 1638 291 1677 et
306 1639 398 1678 caetera
413 1647 473 1689 quae
489 1635 601 1688 prudenti
616 1634 753 1678 meditatori
769 1634 879 1679 facillime
895 1648 975 1678 occur-

136 1705 209 1744 runt»
221 1700 261 1754 (l).
281 1716 289 1738 r
299 1701 365 1744 Talia
383 1713 459 1754 neque
477 1704 618 1754 temporum,
638 1713 713 1757 neque
731 1712 809 1743 rerum
828 1702 972 1745 necessitate
1024 1733 1026 1736 ι

132 1768 179 1809 0110
192 1781 246 1810 casu
258 1768 339 1809 valent
350 1767 400 1809 sine
413 1761 510 1820 peccato
522 1766 613 1815 violari,
627 1766 671 1808 nisi
682 1766 743 1808 forte
754 1766 898 1809 invincibilis
909 1767 975 1820 igno-

131 1833 209 1876 rantia
223 1837 352 1876 excusaret.
362 1828 400 1886 Et
416 1846 487 1888 quare
503 1833 565 1874 hoc?
581 1833 642 1885 Quia
657 1833 735 1875 omnia
750 1832 807 1875 haec
822 1836 878 1875 sunt
893 1838 973 1887 partes

130 1900 187 1941 iuris
199 1899 321 1948 naturalis,
334 1900 445 1942 adversus
459 1900 522 1953 quod
535 1899 598 1941 nulla
611 1898 755 1951 dispensatio
769 1899 905 1941 admittitur
914 1915 923 1938 1)
933 1899 975 1953 (5).
1025 1892 1027 1894 .

163 1966 244 2017 Quoad
258 1965 316 2008 alias
329 1966 386 2007 iuris
400 1965 516 2008 naturalis
530 1965 645 2013 notiones,
661 1977 719 2018 quas
733 1964 816 2007 obvias
830 1965 903 2014 habet
916 1969 969 2010 tum

95 2147 98 2153 ⁴
154 2160 184 2205 (1)
199 2161 290 2202 51115511,
303 2170 324 2205 p.
338 2159 370 2196 ro.

153 2216 183 2261 (2)
198 2217 232 2252 Ad
242 2225 259 2252 c.
268 2216 289 2267 d,
300 2217 326 2252 D.
339 2215 377 2258 IX,
388 2216 479 2257 51115011,
489 2224 510 2260 p.
522 2216 553 2252 23.

153 2272 184 2316 (3)
198 2273 232 2307 Ad
242 2272 294 2308 dict.
306 2273 364 2308 Grat.
375 2281 394 2308 a.
406 2280 421 2307 c.
434 2272 452 2314 1,
464 2272 490 2308 D.
501 2273 526 2309 V.
543 2285 551 2304 «
562 2272 675 2308 Obicitur:
685 2271 707 2307 in
716 2272 772 2315 Lege
782 2272 804 2305 et
813 2271 932 2316 Evangelio
941 2272 974 2308 lus

76 2332 89 2364 J
126 2328 223 2366 naturale
238 2328 367 2376 continetur,
381 2328 416 2362 lex
431 2329 506 2365 antem
521 2329 609 2366 mutata
623 2327 810 2372 compluribus,
825 2336 873 2372 ergo
888 2328 974 2364 11501115

125 2375 223 2423 naturale
233 2385 266 2418 est
275 2385 361 2419 omnino
371 2384 516 2419 immutabile.
527 2384 553 2420 R.
564 2385 605 2419 Sed
615 2384 637 2419 in
647 2383 702 2427 Lege
713 2384 754 2418 duo
765 2384 822 2424 sunt,
833 2384 922 2421 moralia
931 2385 974 2419 uti-

126 2448 167 2484 que
179 2442 295 2486 praecepta
307 2442 330 2474 et
341 2439 521 2481 coeremonialia;
533 2439 567 2475 lex
580 2447 627 2483 ergo
641 2440 759 2474 secundum
772 2440 915 2474 coeremonias
927 2449 974 2475 mu-

125 2497 174 2532 tata
182 2498 221 2540 est,
230 2507 273 2531 non
282 2498 357 2533 autem
366 2496 428 2530 iuxta
437 2495 534 2538 moralia,
543 2496 565 2532 in
575 2496 653 2540 quibus
662 2495 711 2530 solis
719 2514 747 2520 ——
755 2495 777 2528 et
785 2504 827 2530 non
836 2496 857 2530 in
866 2505 974 2532 coeremo-

126 2552 218 2588 nialihus
229 2571 256 2577 —-
266 2553 298 2586 ius
311 2552 409 2589 naturale
421 2552 521 2586 consistit
530 2564 544 2586 1,
612 2589 613 2592 ¹
695 2556 697 2558 ’

154 2608 184 2653 (4)
199 2609 239 2645 Ad.
251 2617 268 2644 e.
280 2608 298 2649 6,
311 2609 331 2644 C.
345 2608 360 2650 Ι,
372 2618 392 2651 q.
404 2608 422 2643 7.
434 2608 526 2649 Srnenn,
536 2617 557 2652 p.
568 2608 615 2644 234.
626 2625 654 2631 —
663 2606 704 2641 Hic
714 2606 808 2641 Rufinus
818 2616 862 2643 non
871 2608 931 2642 recte
941 2608 972 2643 iu-

104 2681 106 2688 1
127 2665 199 2706 dieat3
210 2664 315 2709 probatur
326 2672 351 2698 ex
362 2672 385 2698 eo
397 2665 456 2707 qnod
467 2662 600 2698 Decretistae
612 2663 634 2696 et
645 2652 800 2699 Decretalis’tae
811 2662 895 2698 diuerso
907 2666 972 2700 modo

124 2721 271 2757 determinant
284 2720 394 2755 notionem
407 2719 429 2753 et
442 2720 590 2754 extensionem
602 2719 654 2754 iuris
667 2717 779 2756 naturalis.
795 2717 848 2754 Inde
861 2719 927 2755 etiam
939 2720 972 2757 in-

122 2776 229 2821 telligitur
239 2785 276 2810 eur
288 2775 378 2811 Ioannes
389 2775 530 2817 Faventinus,
542 2776 629 2810 textum
639 2774 717 2809 Rulini
727 2775 753 2809 de
763 2774 829 2809 verbo
839 2776 868 2812 ad
878 2776 970 2812 verbum

121 2831 220 2875 reterens,
230 2832 284 2866 illud
294 2832 384 2873 incisum
394 2832 491 2868 omittat.
502 2832 553 2867 Cod.
564 2841 603 2866 ms.
615 2831 650 2866 cit.
661 2829 697 2866 tol.
710 2830 743 2865 50.
756 2830 786 2866 Cf.
798 2831 905 2875 anrsnrr,
916 2841 933 2868 o.
945 2843 969 2876 0.,
1022 2841 1024 2849 ⁰

121 2896 142 2930 p.
152 2888 191 2923 902
200 2882 246 2932 sqq'.
256 2907 284 2912 —
292 2888 409 2930 5115111011,
419 2896 437 2923 ο.
447 2896 471 2930 0.,
481 2896 502 2931 p.
513 2886 559 2922 107.
686 2889 687 2892 ’

149 2942 179 2988 (5)
194 2945 228 2979 Ad
239 2953 256 2980 0.
268 2944 288 2987 6,
301 2945 322 2982 C.
335 2944 351 2987 Ι,
363 2953 384 2988 q.
396 2943 414 2980 7.
426 2944 518 2986 8015011,
530 2952 551 2987 p.
562 2943 609 2979 234.
