2070 3277
426 532 639 588 PRAEFATIO

56 709 57 712 ,
122 713 131 721 s
142 670 231 723 Quanti
245 672 355 714 momenti
371 674 395 714 in
411 674 515 715 uniuerso
530 675 570 716 rei,
579 674 701 716 canonicae
715 671 804 725 neqotio
815 671 852 712 ‘sit
865 669 963 712 materia

74 744 78 778 ᾗ
110 747 177 788 qnam
191 737 244 779 truie
257 740 349 781 nostrae
363 740 520 782 dissertationi
535 748 648 782 assumere
663 740 714 781 ausi
728 750 814 787 sumus,
830 749 894 795 nemo
908 748 964 778 sane

103 802 260 855 infitiabitur.
275 801 363 860 Aqitiir
376 807 435 848 enim
450 805 476 848 de
488 807 654 860 perscrutanda
666 806 766 854 notione,
782 804 868 858 oriqine
882 805 904 844 et
916 814 964 843 eno-

67 889 77 894 *
87 923 93 928 a
111 869 197 912 tutione
210 871 321 913 tristorica
335 871 588 927 dispensationisquae
604 875 693 915 tantum
710 872 783 913 locam
799 871 822 912 in
838 869 966 925 disciplina

110 937 261 980 ecclesiastica
273 941 371 993 occupat
382 951 481 994 quaeque
492 941 594 982 omnium
607 940 710 994 consessu
720 951 761 981 nec
772 935 838 979 bodie
851 938 965 989 tamquam

32 994 33 998 ¹
48 1005 61 1047 ξ’
69 996 74 1044 J
109 1003 176 1057 piene
186 1004 304 1047 enucleata
314 1005 392 1047 baberi
401 1008 482 1060 potest.
493 1008 573 1060 Neque
582 1007 636 1049 truie
645 1008 736 1048 nostrae
747 1002 916 1046 elucubrationi
926 1014 965 1055 op-

109 1067 275 1123 portunitatem
287 1071 386 1125 defuisse
397 1074 461 1126 patet
472 1073 508 1114 oet
517 1085 544 1114 ea
555 1084 578 1115 eo
590 1073 649 1126 qnod
659 1073 699 1125 qni
711 1072 735 1112 in
747 1070 832 1112 studiis
844 1067 870 1111 de
880 1068 961 1109 matri-

108 1134 185 1177 monio
199 1135 511 1191 dispensationibusque'non
527 1140 639 1181 immerito
654 1140 679 1180 ut
693 1137 840 1190 antesiqnani
853 1133 965 1176 habentur

93 1201 250 1258 doctissimi,¹
271 1206 297 1245 ut
314 1205 409 1247 Freisen
428 1208 448 1247 ei
467 1205 549 1254 Giiller,
576 1205 635 1246 lianc
654 1204 827 1257 inquisitionem
846 1214 890 1255 qua
907 1213 963 1242 non-

55 1279 60 1307 1
99 1268 163 1310 'dum
176 1272 292 1323 peractam
312 1271 380 1312 nulia
405 1271 523 1324 ambaqine
534 1271 686 1323 declararunt.
706 1270 778 1322 Quam
792 1270 882 1323 qratum
898 1267 963 1309 nobis

108 1336 191 1389 fuisset
200 1335 240 1378 troc
250 1339 355 1379 nostrum
366 1337 426 1379 circa
437 1338 587 1380 evolutionem
599 1337 715 1379 doctrinae
725 1335 910 1398 dispensationis
918 1337 966 1376 stu-

44 1405 51 1429 ?
110 1401 174 1443 dium
185 1401 214 1443 ad
222 1401 331 1444 hodierna
341 1415 411 1457 nsque
422 1406 521 1458 tempora
526 1404 656 1458 perducere,
668 1405 743 1457 aperte
753 1402 879 1450 edicimus;
889 1413 963 1454 aeqer-

67 1500 71 1504 .
111 1469 181 1511 rimos
193 1476 279 1522 quoque
292 1472 314 1511 et
324 1471 420 1512 nonnisi
432 1470 571 1525 specialibus
586 1469 759 1525 improuisisque
771 1468 888 1510 adiunctis
900 1479 966 1509 conc-

113 1538 145 1577 tos
154 1535 207 1577 tinic
215 1538 292 1578 nostro
302 1537 398 1578 consitio
407 1549 449 1585 nos
458 1537 593 1580 valedixisse
603 1538 698 1591 inqenue
706 1528 821 1590 fatemur;
830 1547 874 1576 non
886 1535 964 1575 imme-

46 1627 48 1629 ·
110 1603 155 1644 rito
172 1603 252 1652 tamen,
270 1605 297 1645 ut
310 1603 427 1657 putamus,
443 1604 562 1658 periodum
578 1604 616 1646 cui
631 1602 757 1645 incumbere
770 1603 897 1657 potuimus,
913 1614 962 1643 eam

15 1663 19 1706 s
52 1708 53 1711 ,
110 1682 189 1724 nempe
198 1681 254 1722 qnae
264 1682 312 1711 uere
320 1670 427 1724 periodus
437 1671 603 1724 efformationis
612 1671 659 1729 suit
668 1671 787 1730 uniuersae
794 1670 828 1710 rei
837 1669 966 1717 canonicae,

92 1772 95 1774 Α
112 1738 138 1778 nt
146 1737 267 1790 praecipui
275 1737 384 1778 momenti
395 1737 481 1789 aliquis
489 1736 568 1779 babere
576 1737 667 1791 poterit.

72 1796 74 1805 ⁴
142 1802 171 1843 ln
187 1803 318 1851 nonnullis,
336 1805 362 1845 ut
376 1804 447 1857 patet7
465 1804 501 1844 uti
515 1804 634 1857 potuimus
652 1801 749 1844 testibus
772 1801 964 1844 communioribus

43 1878 55 1882 ”
75 1919 78 1921 .
113 1869 140 1911 ab
150 1870 204 1912 aliis
216 1870 261 1911 iam
272 1869 341 1911 editis
351 1872 371 1912 ei
381 1869 498 1919 adhibitis,
508 1883 594 1912 necnon
605 1869 790 1912 conclusionibus
799 1881 856 1922 quas
865 1870 966 1924 sparsim

13 1972 16 1974 ,
47 1994 48 1997 ¹
112 1936 174 1990 apud
186 1936 285 1978 diuersos
300 1939 401 1978 auctores
415 1939 463 1978 erat
476 1936 641 1991 deteqere,·lios
654 1930 749 1989 proinde
764 1937 837 1979 tectus
849 1937 966 1978 remissive
993 1945 995 1948 '

113 2005 201 2045 tantum
219 2003 308 2057 passim
328 2002 429 2045 indicare
446 2003 570 2057 potuimus.
591 2003 635 2044 Ast
653 2002 742 2056 praesto
762 2003 856 2057 insuper
874 2003 968 2056 luerunt

38 2064 43 2115 J
54 2128 56 2130 ι
74 2118 76 2121 q
113 2071 186 2111 teatus
195 2069 295 2123 plurimi
305 2069 345 2122 qui
355 2069 390 2111 uet
398 2067 455 2110 editi
465 2062 503 2111 sed
512 2068 598 2122 deiectu
610 2069 723 2123 imperuii,
734 2069 770 2110 uel
780 2070 825 2110 imo
834 2070 928 2123 penitas
940 2070 964 2110 in

55 2137 57 2140 ’
110 2136 277 2190 manuscriptis
292 2136 408 2190 bucusque
426 2134 507 2178 inediti
523 2134 645 2190 deqebant;
661 2135 701 2177 lios
717 2135 813 2189 proinde
831 2138 904 2178 teatus
919 2148 965 2177 non

3 2211 19 2260 4·
111 2214 162 2244 raro
170 2202 244 2255 maqis
255 2203 279 2243 in
289 2205 379 2244 extenso
388 2202 511 2257 praestitos
522 2202 620 2244 inueniet
629 2202 746 2244 studiosus
758 2202 830 2245 lector.

146 2269 262 2322 Quaenam
274 2268 346 2322 tuerit
355 2269 416 2310 ratio
429 2267 549 2310 divisionis
561 2279 727 2321 quamnamque
739 2266 888 2309 adhibendam
901 2269 968 2310 aesti-

8 2349 10 2352 ’
51 2346 73 2387 sp
111 2334 248 2377 mouerimus
266 2334 395 2376 mettzodum
413 2346 440 2375 ea
458 2334 560 2376 dicendis
579 2335 603 2375 in
623 2335 802 2379 Introductione
820 2333 913 2388 patebit.

142 2402 170 2443 tn
185 2400 233 2454 tine
245 2401 317 2458 liuius
328 2400 486 2454 Praetutianis
499 2413 545 2442 non
559 2413 681 2454 possumus
694 2401 750 2453 quin
764 2401 865 2442 sinceras
877 2402 969 2443 nostras

72 2511 74 2513 ,
90 2516 92 2518 ,
113 2471 134 2510 et
144 2479 210 2521 quam
222 2466 310 2510 uiuidus
320 2467 407 2521 qrotias
417 2468 558 2521 praestemus
569 2467 707 2509 doctissimis
719 2466 769 2525 illis
779 2468 801 2508 et
811 2467 902 2509 eximiis
912 2468 969 2510 uiris

72 2523 74 2527 ’
88 2539 90 2541 ’
112 2535 152 2588 qui
165 2535 229 2576 tanta
242 2546 292 2575 cum
307 2530 373 2575 laude
386 2534 410 2575 in
422 2532 493 2575 Alma
513 2533 669 2575 Uniuersitate
679 2532 818 2575 Louaniensi
831 2533 970 2589 disciplinae

72 2627 81 2640 0
113 2601 176 2656 turis
190 2600 303 2644 Canonici
314 2598 425 2642 docendae
436 2613 459 2641 se
472 2600 571 2650 tradunt,
586 2600 600 2641 Ι
602 2599 751 2641 llustrissimo
764 2600 864 2642 Domino
876 2600 901 2643 de
913 2601 969 2643 Bec-

19 2665 21 2679 ³
100 2667 150 2708 'tier
166 2669 186 2708 et
205 2666 333 2708 Reuerendo
343 2665 463 2708 admodum
473 2666 572 2708 Domino
587 2666 680 2715 Monta,
691 2666 871 2720 antecessoribus
884 2667 970 2710 nostris

7 2731 12 2735 ’
49 2728 66 2767 Γ
112 2732 261 2787 peritissimis
276 2732 562 2783 acetarissimisfnecnon
578 2720 704 2774 Reuerendo
721 2733 820 2775 Domino
838 2733 873 2774 De
882 2734 970 2787 Meyer,

115 2801 160 2853 tam
176 2797 295 2854 praeclaro
313 2798 385 2849 modo,
403 2799 524 2858 notissimo
542 2799 584 2841 ilto
602 2799 731 2843 Seminario
755 2800 873 2843 Historico
898 2798 971 2842 Lana*

6 2864 46 2928 ,ᾗ
113 2864 197 2921 nicasi³
212 2865 319 2914 alumnos
331 2878 384 2912 snos
398 2865 421 2914 tn
435 2859 532 2916 scientia
544 2868 566 2916 et
578 2867 625 2916 arte
636 2864 747 2915 historica
760 2864 884 2917 inducenti
899 2866 972 2916 Insti·
1014 2918 1016 2920 ¹
