2182 3277
121 256 166 299 248
273 269 829 302 nunrsrensnrronrnusAeuu'nncnurnrrsrus

148 377 170 418 2.
186 376 220 417 At
232 376 360 430 perfectius
374 377 496 430 principia,
511 390 612 432 quorum
627 378 739 423 nonnulla
753 380 833 422 tamen
843 377 918 429 11101111
933 378 969 418 sat

118 443 178 485 mira
190 443 309 491 videntur,
326 447 476 496 exponuntur
491 443 520 486 ab
536 444 690 486 Innocnnrro
705 443 738 492 IV
749 442 789 496 (1),
806 439 829 485 et
844 458 858 486 a
872 441 968 498 quibus-

120 508 175 552 o'lam
192 521 220 550 ex
236 509 435 564 subsequentibus
451 511 579 554 canonistis
589 510 630 564 (2).
649 510 743 564 Optime
761 510 910 563 distinguunt
927 508 972 550 dis-

118 575 281 628 pensationem
296 576 458 629 episcoporum
472 577 496 620 in
514 576 557 629 1191
569 578 664 630 proprio
678 576 706 619 ab
722 589 749 618 ea
772 589 832 630 quae
845 577 875 617 tit
888 577 914 632 in
922 575 973 633 zlepe
997 621 1000 625 s
1018 608 1020 612 .

117 641 249 693 superioris.
264 641 390 686 Enimvero
405 642 557 687 Innocentius
572 642 605 684 IV
614 644 642 699 in
652 643 741 696 legibus
755 646 778 684 et
790 642 880 685 iuribus
893 654 971 695 «quae

116 707 220 761 episcopi
230 708 275 761 ipsi
286 707 394 765 lecerunt
403 724 412 747 1
423 709 514 763 quibus
526 709 665 754 annumerat
678 710 749 751 etiarn
762 708 906 763 approbatas
918 720 971 751 con-
1023 732 1025 734 ·

115 774 260 824 suetudines
280 775 382 828 denegat
398 775 514 828 episcopis
530 776 566 818 ius
585 776 743 829 dispensandi,
762 768 805 817 etsi
823 775 915 830 possint
931 775 971 816 illa
1014 784 1018 793 ’

114 841 196 882 1011111
217 843 241 882 11
259 841 417 894 interpretari.
438 841 597 885 Assertlonem
617 842 703 895 probat
723 838 887 897 distinguendo
906 841 967 883 inter

114 906 547 960 1111101111111111111111001111111111.
573 908 610 948 Ex
636 919 683 961 quo
700 907 760 950 enim
777 909 898 960 episcopus
912 908 968 948 iecit
1035 964 1037 968 ‚

115 973 196 1025 legem,
214 974 252 1014 nel
269 971 412 1025 approbavit
430 973 623 1018 consuetudinem
650 974 695 1015 erit
721 973 815 1015 subdito
834 973 968 1026 quaesitum

113 1039 151 1080 ius
162 1039 200 1081 vel
213 1050 267 1086 non.
281 1038 305 1079 Si
317 1039 354 1080 ius
366 1041 402 1080 est
413 1039 557 1093 quaesitum,
572 1040 695 1092 episcopus
707 1050 753 1097 non
765 1042 844 1093 potest
855 1039 913 1081 illud
924 1040 968 1080 tol-

113 1105 176 1152 ler3e
188 1104 207 1145 si
222 1106 304 1148 contra
315 1105 420 1149 nondum
433 1105 517 1147 estius
527 1106 670 1159 quaesitum
682 1117 724 1148 nec
734 1106 809 1158 magis
819 1109 899 1159 potest
910 1106 968 1159 epis-

112 1183 186 1224 copus
200 1171 369 1224 dispersarern
381 1184 422 1213 sua
431 1172 490 1225 stege
503 1184 556 1213 cum
567 1184 613 1214 1011
624 1171 688 1213 iacta
699 1171 730 1213 srt
740 1171 834 1224 speciali
845 1173 966 1215 commodo
991 1190 995 1194 1
1032 1203 1034 1205 »
1089 1195 1090 1201 1

114 1237 219 1285 alicuius,
235 1239 275 1279 sed
289 1250 331 1291 pro
347 1238 467 1282 communi
480 1237 521 1291 (3).

143 1303 350 1354 Ancumraconus
383 1305 489 1358 sequitur
503 1305 587 1348 miram
601 1304 666 1348 illam
681 1304 813 1348 innocentii
830 1304 902 1346 doctr
886 1316 967 1353 unam,

115 1373 139 1412 et
154 1370 306 1419 contraillos,
321 1370 400 1424 quiin
414 1370 512 1414 dubium
524 1370 644 1414 vocabant
658 1371 822 1414 Innocentium
838 1370 900 1413 hanc
915 1372 967 1412 cioc-

70 1430 72 1432 ’
114 1435 203 1479 trinam
221 1436 333 1486 docuisse,
351 1436 482 1489 proclamat
498 1449 546 1477 sese
562 1452 570 1474 1
580 1436 638 1479 illud
653 1436 742 1478 habere
759 1449 773 1478 a
788 1449 843 1479 vero
861 1436 968 1489 originali

64 1552 66 1554 ,
114 1502 190 1556 ipsius
209 1502 340 1546 innocentii
351 1518 366 1544 1,
637 1496 640 1500 ’

116 1666 212 1711 pensatio
220 1666 249 1701 sit
257 1667 309 1701 iuris
319 1666 433 1701 communis
440 1665 549 1707 relaxatio,
559 1665 584 1699 ut
593 1666 675 1700 dietum
684 1666 723 1708 est,
734 1665 764 1700 illi
773 1665 811 1701 soli
818 1666 903 1711 proprie
912 1675 966 1701 conr·
1001 1694 1004 1699 .
1044 1661 1052 1670 ²

107 1723 175 1768 ‚petit
182 1723 220 1766 qui
228 1723 253 1757 de
260 1724 304 1757 iure
312 1722 386 1768 potest
393 1731 457 1766 supra
464 1723 497 1756 ius
506 1723 635 1767 dispensare,
644 1723 685 1758 scil.
694 1730 771 1766 pape...
781 1721 826 1759 aliis
835 1730 892 1764 vero,
901 1732 967 1766 quan·
981 1745 985 1750 ι

117 1781 165 1814 tum
179 1780 288 1814 invenitur
300 1780 481 1824 permissumNec
494 1779 520 1813 ob
531 1779 670 1816 ‘Decretalem
688 1778 769 1822 Nuper,
784 1786 824 1822 que
837 1778 934 1823 loquitur
946 1780 969 1815 in
988 1795 993 1801 κ

118 1846 154 1870 suo
167 1843 218 1869 casu
227 1835 313 1880 speciali
323 1835 366 1870 scil,
377 1835 400 1870 in
409 1835 594 1871 absolutioneHic
604 1835 659 1870 enim
669 1843 744 1870 verum
754 1835 787 1868 est
797 1836 854 1879 quod
863 1836 968 1880 permitti·
998 1875 1000 1877 ¹

118 1894 155 1927 tur
165 1892 269 1936 episcopis
279 1892 370 1926 inomni
380 1899 429 1928 casu
438 1892 461 1926 in
472 1901 513 1935 quo
524 1900 581 1935 papa
592 1892 632 1926 sibi
643 1901 684 1926 non
694 1892 796 1933 reservat,
808 1891 859 1934 quia
869 1900 917 1925 cunr
927 1892 967 1935 ipsi
1013 1916 1015 1919 s
1054 1893 1056 1895 ’

116 1948 213 1985 habeant
224 1948 331 1991 claves‚de
340 1949 386 1982 iure
396 1949 503 1982 communi
513 1947 617 1993 competit
627 1948 655 1982 eis
665 1947 779 1989 absolutio,
790 1948 811 1981 et
819 1948 866 1982 ideo
876 1948 967 1992 possunt
1002 1939 1005 1941 ’
1021 1948 1023 1951 ’

119 2012 215 2039 exercere
225 2004 356 2049 potestatem
366 2004 437 2045 istam,
449 2004 489 2038 nisi
499 2004 536 2042 ubi
546 2000 598 2038 sunt
606 2004 710 2047 prohibiti
720 2017 733 2038 1.

146 2060 176 2104 (1)
192 2069 209 2095 c.
219 2060 251 2102 15,
260 2060 287 2096 X.
297 2060 328 2094 De
336 2060 460 2103 temporibus
468 2060 631 2102 ordinationum,
643 2059 658 2102 Ι,
668 2060 699 2094 11,

143 2116 173 2160 (2)
189 2116 317 2153 Praesertim
328 2117 518 2158 Anenrurnconus
539 2116 640 2158 111014,
667 2116 697 2150 De
707 2115 811 2157 electione,
825 2114 840 2158 Ι,
853 2115 871 2151 6,
882 2115 905 2150 in
915 2115 946 2151 VI
962 2145 966 2152 .

115 2184 123 2206 1
134 2173 207 2208 Unum
216 2173 290 2208 tamen
300 2174 360 2216 quod
368 2172 409 2207 tibi
419 2173 540 2210 mirandum
550 2172 637 2207 videtur
648 2179 672 2206 ex
683 2172 741 2210 certa
751 2172 841 2206 scientia
851 2181 893 2208 non
903 2172 967 2207 ornit-

117 2231 139 2263 to
151 2239 155 2262 :
181 2229 239 2272 quod
250 2229 343 2273 episcopi
355 2238 399 2263 non
409 2226 501 2272 possunt
512 2228 634 2272 dispensare
646 2229 722 2265 eontra
731 2228 778 2262 iura
791 2235 845 2270 quae
855 2228 896 2272 ipsi
907 2228 964 2262 idem

114 2286 219 2326 iecerunt,
234 2286 255 2320 et
268 2285 315 2319 ideo
331 2292 369 2320 nec
383 2286 458 2321 contra
471 2285 602 2330 approbatas
617 2284 789 2324 consuetudines,
802 2282 874 2320 lieet...
888 2294 903 2319 1.

141 2340 173 2385 (3)
187 2354 194 2373 1
204 2342 233 2376 Et
248 2342 306 2388 nota,
322 2341 381 2385 quod
396 2342 489 2385 episcopi
503 2350 546 2376 non
570 2340 662 2385 possunt
677 2341 806 2384 dispensare,
829 2340 869 2375 nisi
883 2340 920 2375 ubi
935 2341 967 2374 est

113 2405 213 2435 coricessa
221 2407 234 2432 a
242 2398 288 2432 iure
298 2396 437 2441 dispensatio,
447 2405 486 2432 nec
495 2396 563 2432 solum
572 2407 615 2433 non
622 2398 696 2442 potest
705 2397 826 2440 dispensare
835 2396 912 2431 contra
920 2396 967 2431 iura

112 2454 229 2491 conditae
244 2454 309 2498 Papa,
327 2454 366 2489 n‘ec
381 2454 407 2490 ab
423 2453 469 2491 aliis
485 2454 636 2498 superioribus,
652 2455 690 2489 sed
705 2461 744 2488 nec
759 2453 833 2488 contra
848 2454 895 2489 iura
910 2461 965 2496 (luae
1016 2477 1019 2481 1

110 2511 150 2555 ipsi
164 2510 230 2545 iidem
244 2510 348 2546 iecerunt.
364 2510 426 2545 Adde
440 2518 478 2545 nec
493 2506 568 2546 contra
582 2511 713 2554 approbatas
729 2509 907 2550 consuetudines.
916 2508 967 2544 iicet

108 2568 149 2611 ipsi
160 2566 245 2611 possint
255 2566 329 2601 tollere
342 2567 363 2600 et
374 2566 517 2610 interpretari.
530 2568 563 2602 Ex
576 2576 617 2610 quo
630 2567 686 2601 enim
697 2566 768 2610 legem
779 2564 831 2600 iecit
843 2566 963 2610 episcopus,
983 2608 986 2611 y
1010 2565 1024 2586 ’ἴ

110 2624 144 2658 vei
156 2623 342 2665 consuetudinem,
356 2623 378 2655 et
389 2623 422 2657 ius
433 2625 466 2657 est
476 2622 541 2660 alicui
553 2623 682 2667 quaesitum,
695 2630 721 2657 ex
732 2620 767 2656 illo
779 2621 825 2655 iure
836 2632 880 2657 non
891 2622 966 2666 potest

111 2682 129 2714 oi
138 2681 170 2714 ius
180 2679 304 2723 quaesitum
311 2679 388 2714 tollere
397 2692 410 2714 1,
420 2679 449 2714 Et
457 2679 551 2714 remittit
559 2679 630 2714 hinad
639 2689 656 2714 c.
666 2679 684 2720 6,
695 2678 722 2714 X
734 2678 763 2712 De
773 2677 964 2720 constitutionibus,

113 2737 128 2779 1,
140 2736 158 2770 2.
170 2748 177 2766 1
188 2736 240 2771 (Iu-ru
251 2736 310 2780 quod
319 2735 411 2779 quisque
420 2735 471 2770 iuris
481 2736 503 2771 in
513 2736 604 2772 aiterum
615 2735 700 2775 statuit,
712 2734 765 2779 (ipse
776 2733 932 2777 crescensin),
944 2735 965 2768 et

109 2792 184 2837 patere
192 2791 260 2834 tegern
270 2800 336 2836 quam
347 2793 373 2825 tu
382 2791 428 2834 ipse
436 2792 511 2826 tuleris
521 2805 534 2828 1,
544 2792 557 2827 l.
569 2792 586 2828 1.
596 2792 619 2827 in
627 2792 682 2837 prin.
692 2791 717 2826 D.
743 2789 801 2833 Quod
810 2791 895 2833 quisque
905 2791 964 2833 iuris,

111 2848 138 2893 ΙΙ,
151 2848 179 2890 2),
191 2860 198 2878 a
208 2848 254 2882 Nec
264 2849 333 2882 etiam
346 2848 463 2896 autequam
474 2849 594 2894 quaeratur
605 2848 637 2887 ius
650 2855 707 2882 exeo
718 2846 791 2892 potest
801 2846 964 2891 episcopusdis-
1028 2845 1030 2853 '

108 2910 204 2950 pensare,
214 2905 274 2947 quod
282 2904 332 2951 quis
339 2905 362 2938 in
370 2911 417 2938 earn
425 2914 467 2939 non
475 2904 559 2947 incidit,
568 2913 617 2939 cum
626 2914 670 2955 non
676 2900 735 2940 lacta
743 2902 771 2936 sit
778 2901 864 2947 speciali
872 2910 964 2937 commo-
998 2905 999 2908 ’

106 2971 135 3010 po
146 2958 243 3002 alicuius
253 2961 289 2995 sed
297 2968 335 3008 pro
346 2961 454 2997 communi
463 2974 477 2998 1,
488 2969 505 2999 e.
517 2960 548 3003 15,
559 2961 586 2998 X.
598 2961 628 2996 De
639 2961 699 3005 temp.
709 2958 784 3000 ordin,
796 2956 812 3000 Ι,
821 2957 853 2995 11.
