2139 3277
344 196 377 225 on
394 182 497 226 onrnc‘ro
511 194 727 242 Drsransnrronuru
925 182 966 225 121
1007 218 1009 220 ,

116 304 213 359 impune
232 305 284 347 fieri
305 305 368 358 quod
389 317 454 346 secus
475 304 643 360 prohibebatur
654 304 695 359 (1).
717 298 863 349 Examinant
884 305 963 358 potius

85 425 87 429 f
120 368 205 425 quibus
216 370 291 413 modis
301 369 415 413 relaxatio
425 369 506 423 rigoris
515 370 571 412 iuris
582 372 632 413 dari
643 371 723 425 possit,
735 372 834 426 ideoque
844 371 960 425 multipli-

120 451 169 482 cem
187 438 299 480 eflectum
317 437 445 490 assignant,
474 439 589 493 quatenus
607 437 781 492 dispensatione
797 439 959 493 «quandoque

118 517 195 558 poena
210 503 337 557 infligenda
355 499 406 545 non*
419 502 540 561 infligiturq
560 504 700 557 quandoque
717 503 808 547 inflicta
825 504 962 552 remittitur,

119 571 259 623 quandoque
279 572 419 622 usurpatum
440 568 579 616 conceditur,
602 571 741 623 quandoque
761 571 889 614 inhibitum
910 583 964 614 con·
986 571 989 577 '

117 635 210 677 fertur»
221 635 261 689 (2).
282 634 458 688 Dispensationi
477 634 572 688 proinde
590 634 700 677 tribuunt
718 635 815 679 effectus
835 638 881 691 qui.⁴
893 637 963 679 hodie

29 685 34 696 .
54 712 58 715 ·
119 702 284 744 adscribuntur
293 701 449 760 absolutionis
456 713 502 754 qua
511 712 594 753 nempe
604 700 735 743 abstinetur
745 716 758 744 a
767 700 885 755 puniendo
895 702 964 744 delic-

117 772 142 809 to
156 771 238 810 contra
249 768 321 820 legem
334 767 411 820 posito
426 767 466 808 vel
477 766 606 810 remittitur
617 779 693 820 poena
704 767 736 809 ob'
747 769 858 812 delictum
869 768 917 811 iam
928 769 963 810 in-

117 826 198 881 flicta3
213 834 253 887 qui
265 833 401 886 tribuuntur
415 832 583 886 dispensationi
590 846 619 874 ex
626 836 687 886 post,
699 846 747 888 qua
755 833 825 877 'iacta
838 837 919 877 contra
931 834 963 875 le-

117 910 169 953 gem
179 900 256 952 posita
265 912 310 942 non
319 900 487 952 impugnantur
497 912 502 946 ;
523 898 621 952 danque
631 899 702 943 etiam
712 900 753 954 qui
765 896 905 943 tribuuntur
919 900 964 942 dis-

117 967 250 1020 pensationi
260 968 289 1009 ad
298 966 438 1014 iaciendum,
449 979 495 1019 qua
503 965 565 1006 licite
574 965 663 1018 aliquid
676 965 705 1006 iit
719 971 800 1010 contra
817 967 898 1019 legem.
920 966 957 1007 Sic

51 1022 54 1027 ⁸
118 1031 287 1074 confirmantur
297 1045 355 1086 quae
368 1031 547 1086 supradiximus
562 1030 595 1084 (3)
604 1032 631 1072 de
640 1032 735 1074 notione
743 1033 930 1087 dispensationis.
945 1026 947 1028 ’

431 1190 502 1198 2—2.
477 1195 483 1198 ,
493 1190 655 1199 a..
564 1197 566 1199 .
572 1197 579 1199 .

465 1345 566 1396 CAPUT
584 1355 605 1396 V

355 1480 392 1519 De
403 1480 502 1522 obiecto
514 1457 744 1534 dispensationum

147 1613 219 1657 Plura
230 1612 327 1666 quidem
338 1614 423 1655 docent
434 1612 578 1654 Decretistac
589 1612 617 1652 de
628 1610 718 1652 obiecto
731 1623 770 1652 seu
782 1611 809 1652 de
821 1610 869 1663 lege
880 1610 904 1652 in
915 1625 962 1665 qua

116 1678 230 1721 relaxatio
239 1678 290 1720 lieri
298 1677 379 1731 possit,
389 1680 419 1721 ad
428 1678 542 1731 principia
549 1681 629 1720 tamen
638 1676 753 1730 generalia
762 1687 808 1719 non
824 1677 959 1720 deveniunt.

117 1743 150 1786 Ut
163 1745 246 1787 melius
260 1747 374 1798 appareat
386 1739 411 1786 in
425 1757 527 1798 quonam
540 1744 620 1787 eorum
634 1743 740 1801 doctrina
753 1743 815 1785 ultra
829 1743 960 1786 doctrinam

117 1810 240 1864 antiquam
250 1820 369 1864 progressa
383 1810 498 1864 sit,pauca
508 1808 536 1852 de
547 1822 626 1853 eorum
636 1809 746 1853 methodo
758 1812 813 1851 sunt
822 1812 962 1862 praenotan-

117 1878 154 1920 da.
726 1873 728 1878 '

147 1947 197 1990 Iam
209 1948 238 1990 ab
250 1948 340 2000 integro
353 1948 444 1989 saeculo
457 1960 507 1990 mos
519 1947 654 1991 invaluerat
667 1946 793 2000 quaerendi
804 1945 869 1988 viam
883 1947 963 1989 conci-

116 2013 189 2056 liandi
204 2014 264 2066 leges
279 2013 389 2067 antiquas
404 2016 544 2066 apparenter
559 2012 813 2060 sibi'contradicentes‚
829 2011 960 2055 invocando
1007 2016 1008 2019 ’

115 2079 231 2123 theoriam
241 2080 268 2121 de
278 2080 457 2133 dispensatione.
468 2078 547 2128 Plures
555 2079 600 2120 hoc
610 2078 727 2131 explicant
736 2078 760 2120 in
769 2078 865 2131 prologo
875 2094 883 2116 n
894 2078 960 2122 Sum-

115 2158 167 2189 mae
177 2161 185 2183 1
194 2145 235 2187 uhi
245 2149 317 2198 agunt
327 2145 411 2187 detine
421 2145 528 2188 Gratiani
536 2145 560 2187 in
569 2158 612 2187 sua
619 2160 627 2181 r
638 2144 766 2188 Concordia
775 2144 960 2187 discordantium

109 2223 230 2257 vcanonum
239 2227 255 2266 u
273 2212 332 2267 Item
346 2212 371 2253 in
386 2212 468 2255 eodem
482 2212 575 2265 prologo
591 2212 720 2264 loquuntur
735 2212 766 2268 de
777 2211 908 2264 praeceptis
923 2212 960 2254 vel

113 2277 202 2330 legibus
215 2290 313 2331 quarum
326 2277 384 2320 aliae
397 2277 569 2331 dispensabiles,
583 2277 641 2320 aliae
652 2276 843 2330 indispensahiles
855 2280 917 2326 sunt,
938 2282 963 2320 et

114 2343 222 2388 alludunt
234 2344 263 2387 ad
276 2344 413 2387 divisionem
427 2343 455 2386 ab
470 2344 540 2387 ivone
553 2342 690 2386 Carnutensi
703 2342 757 2385 olim
769 2342 958 2397 propositarum)
973 2345 975 2349 ’

112 2409 150 2452 vel
159 2413 240 2452 textus
252 2410 353 2453 eiusdem
364 2409 473 2453 referunt.
485 2410 537 2458 Alii,
550 2404 575 2452 at
584 2408 697 2452 indirecte
707 2411 802 2451 tantum
813 2407 856 2449 sub
866 2408 958 2452 iniluxu

143 2604 173 2648 (1)
190 2603 220 2639 Cf.
237 2604 322 2638 Summa
336 2605 472 2646 Parisiensis‚
496 2606 545 2640 Cod.
562 2613 600 2640 ms
616 2606 652 2640 cit.
668 2603 703 2640 fol.
719 2605 743 2638 qv
757 2604 794 2640 col.
811 2604 829 2639 1.
845 2616 852 2636 1
862 2604 892 2639 ihi
907 2604 963 2640 enim

112 2662 170 2705 quod
180 2661 249 2704 primo
261 2661 306 2694 erat
315 2654 421 2702 illicitum,
432 2669 458 2695 ex
469 2661 626 2706 dispensatione
636 2661 663 2695 iit
673 2661 755 2695 licitum
764 2672 778 2696 1,

141 2717 170 2760 (2)
187 2716 292 2758 Sicurdus,
305 2717 354 2752 Cod.
368 2725 405 2752 ms¹
418 2717 454 2752 cit.
467 2717 502 2753 iol.
516 2717 560 2753 150.

96 2813 100 2816 ,
141 2772 171 2816 (3)
182 2772 217 2808 Ci.
230 2779 294 2815 supra
306 2780 327 2815 p.
341 2771 367 2805 94
388 2780 435 2816 sqq.
555 2807 557 2809 ,

140 2828 170 2872 (l)
187 2828 217 2863 Gi.
230 2837 300 2871 supra,
312 2838 332 2873 p.
345 2827 372 2862 48
383 2837 430 2872 sqq.
441 2846 469 2852 —-
479 2828 565 2863 Summa
576 2828 680 2872 Stephani
691 2828 834 2870 Tornucensis,
844 2837 866 2872 p.
877 2828 889 2863 3
899 2837 904 2869 3
915 2828 962 2863 Hu-

112 2884 189 2925 puccio,
202 2884 248 2920 cod.
262 2893 300 2919 ms.
313 2885 348 2919 cit.
362 2883 437 2925 Paris,
449 2894 470 2920 n.
482 2884 542 2928 3891,
554 2885 592 2920 iol.
605 2884 631 2927 11,
643 2884 683 2920 col.
696 2884 722 2925 1;
735 2884 823 2920 Summa
833 2884 959 2929 Lipsiensis,

114 2938 164 2974 Cod.
178 2948 217 2975 ms.
231 2941 288 2976 citi
303 2940 316 2976 i.
330 2941 357 2982 21,
371 2941 396 2975 2ν
408 2941 429 2975 et
441 2940 468 2977 31.
