<?xml version="1.0" encoding="UTF-8"?>
<!DOCTYPE html PUBLIC "-//W3C//DTD XHTML 1.0 Transitional//EN"
    "http://www.w3.org/TR/xhtml1/DTD/xhtml1-transitional.dtd">
<html xmlns="http://www.w3.org/1999/xhtml" xml:lang="en" lang="en">
 <head>
  <title>
</title>
<meta http-equiv="Content-Type" content="text/html;charset=utf-8" />
  <meta name='ocr-system' content='tesseract 3.04.00' />
  <meta name='ocr-capabilities' content='ocr_page ocr_carea ocr_par ocr_line ocrx_word'/>
</head>
<body>
  <div class='ocr_page' id='page_1' title='image "MN42048ucmf_3_0233.png"; bbox 0 0 2139 3277; ppageno 0'>
   <div class='ocr_carea' id='block_1_1' title="bbox 125 182 974 236">
    <p class='ocr_par' dir='ltr' id='par_1_1' title="bbox 125 182 974 236">
     <span class='ocr_line' id='line_1_1' title="bbox 125 182 974 236; baseline 0.002 -13"><span class='ocrx_word' id='word_1_1' title='bbox 125 190 127 194; x_wconf 90' lang='lat'>·</span> <span class='ocrx_word' id='word_1_2' title='bbox 228 193 262 224; x_wconf 79' lang='lat' dir='ltr'><strong>nn</strong></span> <span class='ocrx_word' id='word_1_3' title='bbox 272 185 466 226; x_wconf 71' lang='lat' dir='ltr'><strong>nisieussmonn</strong></span> <span class='ocrx_word' id='word_1_4' title='bbox 476 194 574 233; x_wconf 75' lang='lat' dir='ltr'><strong>nestra,</strong></span> <span class='ocrx_word' id='word_1_5' title='bbox 588 191 720 226; x_wconf 79' lang='lat' dir='ltr'><strong>PROHIBITA</strong></span> <span class='ocrx_word' id='word_1_6' title='bbox 732 191 763 223; x_wconf 78' lang='lat' dir='ltr'><strong>Er</strong></span> <span class='ocrx_word' id='word_1_7' title='bbox 775 190 906 236; x_wconf 72' lang='lat' dir='ltr'><strong>eeuurrssa</strong></span> <span class='ocrx_word' id='word_1_8' title='bbox 933 182 974 225; x_wconf 84' lang='grc'><strong>183</strong></span> 
     </span>
    </p>
   </div>
   <div class='ocr_carea' id='block_1_2' title="bbox 110 287 1031 490">
    <p class='ocr_par' dir='ltr' id='par_1_2' title="bbox 110 287 1031 490">
     <span class='ocr_line' id='line_1_2' title="bbox 118 287 975 365; baseline 0.001 -23"><span class='ocrx_word' id='word_1_9' title='bbox 118 303 154 342; x_wconf 91' lang='lat' dir='ltr'><strong>est</strong></span> <span class='ocrx_word' id='word_1_10' title='bbox 163 287 284 365; x_wconf 79' lang='lat' dir='ltr'><strong>quaedam</strong></span> <span class='ocrx_word' id='word_1_11' title='bbox 295 291 459 344; x_wconf 66' lang='lat' dir='ltr'><strong>misericordia</strong></span> <span class='ocrx_word' id='word_1_12' title='bbox 469 317 477 359; x_wconf 71' lang='lat' dir='ltr'><strong>n</strong></span> <span class='ocrx_word' id='word_1_13' title='bbox 490 303 514 344; x_wconf 90' lang='lat' dir='ltr'><strong>et</strong></span> <span class='ocrx_word' id='word_1_14' title='bbox 539 316 548 339; x_wconf 78' lang='lat' dir='ltr'><strong>r</strong></span> <span class='ocrx_word' id='word_1_15' title='bbox 559 303 651 344; x_wconf 89' lang='lat' dir='ltr'><strong>certum</strong></span> <span class='ocrx_word' id='word_1_16' title='bbox 662 302 698 343; x_wconf 91' lang='lat' dir='ltr'><strong>est</strong></span> <span class='ocrx_word' id='word_1_17' title='bbox 710 300 775 355; x_wconf 87' lang='lat' dir='ltr'><strong>quod</strong></span> <span class='ocrx_word' id='word_1_18' title='bbox 788 299 891 354; x_wconf 77' lang='lat' dir='ltr'><strong>quilibet</strong></span> <span class='ocrx_word' id='word_1_19' title='bbox 903 299 975 344; x_wconf 83' lang='lat' dir='ltr'><strong>debet</strong></span> 
     </span>
     <span class='ocr_line' id='line_1_3' title="bbox 110 365 1031 421; baseline 0.001 -13"><span class='ocrx_word' id='word_1_20' title='bbox 110 379 168 409; x_wconf 74' lang='lat' dir='ltr'><strong>vesse</strong></span> <span class='ocrx_word' id='word_1_21' title='bbox 182 367 340 410; x_wconf 83' lang='lat' dir='ltr'><strong>misericors».</strong></span> <span class='ocrx_word' id='word_1_22' title='bbox 358 368 416 411; x_wconf 90' lang='lat' dir='ltr'><strong>Inde</strong></span> <span class='ocrx_word' id='word_1_23' title='bbox 431 370 495 410; x_wconf 91' lang='lat' dir='ltr'><strong>recte</strong></span> <span class='ocrx_word' id='word_1_24' title='bbox 510 367 579 412; x_wconf 89' lang='lat' dir='ltr'><strong>ambo</strong></span> <span class='ocrx_word' id='word_1_25' title='bbox 596 370 714 421; x_wconf 76' lang='lat' dir='ltr'><strong>arguunt:</strong></span> <span class='ocrx_word' id='word_1_26' title='bbox 740 378 794 410; x_wconf 87' lang='lat' dir='ltr'><strong>eum</strong></span> <span class='ocrx_word' id='word_1_27' title='bbox 809 366 841 409; x_wconf 90' lang='lat' dir='ltr'><strong>sit</strong></span> <span class='ocrx_word' id='word_1_28' title='bbox 857 365 977 415; x_wconf 79' lang='lat' dir='ltr'><strong>debitum,</strong></span> <span class='ocrx_word' id='word_1_29' title='bbox 1028 412 1031 414; x_wconf 72' lang='grc'><em>,</em></span> 
     </span>
     <span class='ocr_line' id='line_1_4' title="bbox 118 432 974 490; baseline 0.002 -17"><span class='ocrx_word' id='word_1_30' title='bbox 118 433 239 490; x_wconf 89' lang='lat' dir='ltr'><strong>praelatus</strong></span> <span class='ocrx_word' id='word_1_31' title='bbox 252 435 330 487; x_wconf 85' lang='lat' dir='ltr'><strong>peccat</strong></span> <span class='ocrx_word' id='word_1_32' title='bbox 341 447 388 478; x_wconf 90' lang='lat' dir='ltr'><strong>non</strong></span> <span class='ocrx_word' id='word_1_33' title='bbox 402 434 560 488; x_wconf 88' lang='lat' dir='ltr'><strong>dispensando</strong></span> <span class='ocrx_word' id='word_1_34' title='bbox 571 446 577 482; x_wconf 69' lang='lat' dir='ltr'><strong>r</strong></span> <span class='ocrx_word' id='word_1_35' title='bbox 591 446 645 476; x_wconf 88' lang='lat' dir='ltr'><strong>cum</strong></span> <span class='ocrx_word' id='word_1_36' title='bbox 656 436 738 479; x_wconf 87' lang='lat' dir='ltr'><strong>tamen</strong></span> <span class='ocrx_word' id='word_1_37' title='bbox 751 432 844 477; x_wconf 87' lang='lat' dir='ltr'><strong>nonsit</strong></span> <span class='ocrx_word' id='word_1_38' title='bbox 866 432 974 475; x_wconf 88' lang='lat' dir='ltr'><strong>debitum</strong></span> 
     </span>
    </p>
   </div>
   <div class='ocr_carea' id='block_1_3' title="bbox 117 498 1031 549">
    <p class='ocr_par' dir='ltr' id='par_1_3' title="bbox 117 498 1031 549">
     <span class='ocr_line' id='line_1_5' title="bbox 117 498 1031 549; baseline -0.002 -9"><span class='ocrx_word' id='word_1_39' title='bbox 117 499 234 549; x_wconf 85' lang='lat' dir='ltr'><strong>iustitiae,</strong></span> <span class='ocrx_word' id='word_1_40' title='bbox 245 501 286 542; x_wconf 89' lang='lat' dir='ltr'><strong>sed</strong></span> <span class='ocrx_word' id='word_1_41' title='bbox 295 502 393 544; x_wconf 86' lang='lat' dir='ltr'><strong>tantum</strong></span> <span class='ocrx_word' id='word_1_42' title='bbox 402 500 584 549; x_wconf 79' lang='lat' dir='ltr'><strong>misericordiae,</strong></span> <span class='ocrx_word' id='word_1_43' title='bbox 596 498 706 542; x_wconf 88' lang='lat' dir='ltr'><strong>subditus</strong></span> <span class='ocrx_word' id='word_1_44' title='bbox 716 512 765 544; x_wconf 90' lang='lat' dir='ltr'><strong>non</strong></span> <span class='ocrx_word' id='word_1_45' title='bbox 774 498 848 542; x_wconf 88' lang='lat' dir='ltr'><strong>habet</strong></span> <span class='ocrx_word' id='word_1_46' title='bbox 857 500 895 543; x_wconf 90' lang='lat' dir='ltr'><strong>ius</strong></span> <span class='ocrx_word' id='word_1_47' title='bbox 905 499 973 543; x_wconf 77' lang='lat' dir='ltr'><strong>stric-</strong></span> <span class='ocrx_word' id='word_1_48' title='bbox 1028 535 1031 538; x_wconf 87' lang='lat'>.</span> 
     </span>
    </p>
   </div>
   <div class='ocr_carea' id='block_1_4' title="bbox 111 565 975 825">
    <p class='ocr_par' dir='ltr' id='par_1_4' title="bbox 111 565 973 690">
     <span class='ocr_line' id='line_1_6' title="bbox 118 565 973 624; baseline 0.004 -19"><span class='ocrx_word' id='word_1_49' title='bbox 118 567 171 608; x_wconf 92' lang='lat' dir='ltr'><strong>tum</strong></span> <span class='ocrx_word' id='word_1_50' title='bbox 181 566 212 612; x_wconf 80' lang='lat' dir='ltr'><strong>ad</strong></span> <span class='ocrx_word' id='word_1_51' title='bbox 220 566 294 615; x_wconf 85' lang='lat' dir='ltr'><strong>iilam,</strong></span> <span class='ocrx_word' id='word_1_52' title='bbox 304 579 352 611; x_wconf 92' lang='lat' dir='ltr'><strong>non</strong></span> <span class='ocrx_word' id='word_1_53' title='bbox 361 568 443 624; x_wconf 88' lang='lat' dir='ltr'><strong>potest</strong></span> <span class='ocrx_word' id='word_1_54' title='bbox 453 579 504 617; x_wconf 84' lang='lat' dir='ltr'><strong>eam</strong></span> <span class='ocrx_word' id='word_1_55' title='bbox 514 568 595 621; x_wconf 89' lang='lat' dir='ltr'><strong>petere</strong></span> <span class='ocrx_word' id='word_1_56' title='bbox 604 566 649 609; x_wconf 91' lang='lat' dir='ltr'><strong>nisi</strong></span> <span class='ocrx_word' id='word_1_57' title='bbox 659 565 721 609; x_wconf 81' lang='lat' dir='ltr'><strong>torte</strong></span> <span class='ocrx_word' id='word_1_58' title='bbox 730 566 887 620; x_wconf 88' lang='lat' dir='ltr'><strong>supplicando</strong></span> <span class='ocrx_word' id='word_1_59' title='bbox 898 579 904 615; x_wconf 77' lang='grc' dir='ltr'><strong><em>ς</em></strong></span> <span class='ocrx_word' id='word_1_60' title='bbox 925 579 973 616; x_wconf 89' lang='lat' dir='ltr'><strong>seu,</strong></span> 
     </span>
     <span class='ocr_line' id='line_1_7' title="bbox 111 631 649 690; baseline 0 -16"><span class='ocrx_word' id='word_1_61' title='bbox 111 644 166 684; x_wconf 31' lang='lat' dir='ltr'><strong>,non</strong></span> <span class='ocrx_word' id='word_1_62' title='bbox 175 631 249 677; x_wconf 83' lang='lat' dir='ltr'><strong>habet</strong></span> <span class='ocrx_word' id='word_1_63' title='bbox 259 633 377 677; x_wconf 79' lang='lat' dir='ltr'><strong>actionem</strong></span> <span class='ocrx_word' id='word_1_64' title='bbox 387 634 417 676; x_wconf 89' lang='lat' dir='ltr'><strong>ad</strong></span> <span class='ocrx_word' id='word_1_65' title='bbox 425 633 649 690; x_wconf 70' lang='lat' dir='ltr'><strong>illamexigend‘am.</strong></span> 
     </span>
    </p>

    <p class='ocr_par' dir='ltr' id='par_1_5' title="bbox 119 692 975 825">
     <span class='ocr_line' id='line_1_8' title="bbox 149 692 974 753; baseline 0.006 -14"><span class='ocrx_word' id='word_1_66' title='bbox 149 697 170 740; x_wconf 83' lang='lat'><strong>3.</strong></span> <span class='ocrx_word' id='word_1_67' title='bbox 188 692 324 749; x_wconf 71' lang='lat' dir='ltr'><strong>Dunnurrs,</strong></span> <span class='ocrx_word' id='word_1_68' title='bbox 343 699 443 743; x_wconf 88' lang='lat' dir='ltr'><strong>ulterius</strong></span> <span class='ocrx_word' id='word_1_69' title='bbox 461 700 588 753; x_wconf 79' lang='lat' dir='ltr'><strong>arguendo,</strong></span> <span class='ocrx_word' id='word_1_70' title='bbox 606 698 698 746; x_wconf 84' lang='lat' dir='ltr'><strong>indicat</strong></span> <span class='ocrx_word' id='word_1_71' title='bbox 714 699 775 741; x_wconf 81' lang='lat' dir='ltr'><strong>iilud</strong></span> <span class='ocrx_word' id='word_1_72' title='bbox 792 698 901 745; x_wconf 88' lang='lat' dir='ltr'><strong>debitum</strong></span> <span class='ocrx_word' id='word_1_73' title='bbox 924 698 974 744; x_wconf 62' lang='lat' dir='ltr'><strong>‘non</strong></span> 
     </span>
     <span class='ocr_line' id='line_1_9' title="bbox 119 764 975 825; baseline 0.002 -19"><span class='ocrx_word' id='word_1_74' title='bbox 119 777 168 807; x_wconf 92' lang='lat' dir='ltr'><strong>esse</strong></span> <span class='ocrx_word' id='word_1_75' title='bbox 188 778 259 809; x_wconf 85' lang='lat' dir='ltr'><strong>sensu</strong></span> <span class='ocrx_word' id='word_1_76' title='bbox 278 766 347 810; x_wconf 90' lang='lat' dir='ltr'><strong>nimis</strong></span> <span class='ocrx_word' id='word_1_77' title='bbox 368 766 452 809; x_wconf 89' lang='lat' dir='ltr'><strong>stricto</strong></span> <span class='ocrx_word' id='word_1_78' title='bbox 471 765 669 825; x_wconf 64' lang='lat' dir='ltr'><strong>intelligendum</strong></span> <span class='ocrx_word' id='word_1_79' title='bbox 690 767 728 814; x_wconf 90' lang='lat' dir='ltr'><strong>est</strong></span> <span class='ocrx_word' id='word_1_80' title='bbox 746 764 808 808; x_wconf 87' lang='lat' dir='ltr'><strong>enim</strong></span> <span class='ocrx_word' id='word_1_81' title='bbox 837 765 919 819; x_wconf 90' lang='lat' dir='ltr'><strong>potius</strong></span> <span class='ocrx_word' id='word_1_82' title='bbox 948 767 975 808; x_wconf 90' lang='lat' dir='ltr'><strong>de</strong></span> 
     </span>
    </p>
   </div>
   <div class='ocr_carea' id='block_1_5' title="bbox 119 831 1035 886">
    <p class='ocr_par' dir='ltr' id='par_1_6' title="bbox 119 831 1035 886">
     <span class='ocr_line' id='line_1_10' title="bbox 119 831 1035 886; baseline 0.004 -14"><span class='ocrx_word' id='word_1_83' title='bbox 119 831 284 875; x_wconf 82' lang='lat' dir='ltr'><strong>conuenientia.</strong></span> <span class='ocrx_word' id='word_1_84' title='bbox 305 832 444 885; x_wconf 82' lang='lat' dir='ltr'><strong>Quaestioni</strong></span> <span class='ocrx_word' id='word_1_85' title='bbox 462 835 543 877; x_wconf 89' lang='lat' dir='ltr'><strong>utrum</strong></span> <span class='ocrx_word' id='word_1_86' title='bbox 561 833 687 886; x_wconf 87' lang='lat' dir='ltr'><strong>episcopus</strong></span> <span class='ocrx_word' id='word_1_87' title='bbox 704 834 816 875; x_wconf 87' lang='lat' dir='ltr'><strong>teneatur</strong></span> <span class='ocrx_word' id='word_1_88' title='bbox 835 832 971 885; x_wconf 90' lang='lat' dir='ltr'><strong>dispensare</strong></span> <span class='ocrx_word' id='word_1_89' title='bbox 1033 831 1035 833; x_wconf 73' lang='grc'>’</span> 
     </span>
    </p>
   </div>
   <div class='ocr_carea' id='block_1_6' title="bbox 51 898 1023 2353">
    <p class='ocr_par' dir='ltr' id='par_1_7' title="bbox 51 898 1023 2353">
     <span class='ocr_line' id='line_1_11' title="bbox 119 898 974 958; baseline 0.002 -19"><span class='ocrx_word' id='word_1_90' title='bbox 119 910 173 943; x_wconf 88' lang='lat' dir='ltr'><strong>cum</strong></span> <span class='ocrx_word' id='word_1_91' title='bbox 186 898 311 958; x_wconf 82' lang='lat' dir='ltr'><strong>criminoso</strong></span> <span class='ocrx_word' id='word_1_92' title='bbox 324 902 379 953; x_wconf 88' lang='lat' dir='ltr'><strong>post</strong></span> <span class='ocrx_word' id='word_1_93' title='bbox 391 901 514 954; x_wconf 78' lang='lat' dir='ltr'><strong>peractam</strong></span> <span class='ocrx_word' id='word_1_94' title='bbox 526 899 708 958; x_wconf 85' lang='lat' dir='ltr'><strong>poenitentiam,</strong></span> <span class='ocrx_word' id='word_1_95' title='bbox 722 899 850 952; x_wconf 86' lang='lat' dir='ltr'><strong>respondet</strong></span> <span class='ocrx_word' id='word_1_96' title='bbox 863 910 911 942; x_wconf 91' lang='lat' dir='ltr'><strong>non</strong></span> <span class='ocrx_word' id='word_1_97' title='bbox 924 911 974 941; x_wconf 85' lang='lat' dir='ltr'><strong>esse</strong></span> 
     </span>
     <span class='ocr_line' id='line_1_12' title="bbox 119 960 974 1019; baseline 0.004 -13"><span class='ocrx_word' id='word_1_98' title='bbox 119 960 228 1009; x_wconf 88' lang='lat' dir='ltr'><strong>debitum</strong></span> <span class='ocrx_word' id='word_1_99' title='bbox 240 966 357 1016; x_wconf 84' lang='lat' dir='ltr'><strong>strictum,</strong></span> <span class='ocrx_word' id='word_1_100' title='bbox 371 967 413 1009; x_wconf 92' lang='lat' dir='ltr'><strong>sed</strong></span> <span class='ocrx_word' id='word_1_101' title='bbox 425 965 619 1011; x_wconf 82' lang='lat' dir='ltr'><strong>convenientiam</strong></span> <span class='ocrx_word' id='word_1_102' title='bbox 630 979 659 1019; x_wconf 78' lang='lat' dir='ltr'><strong>ex</strong></span> <span class='ocrx_word' id='word_1_103' title='bbox 672 977 747 1019; x_wconf 87' lang='lat' dir='ltr'><strong>aequo</strong></span> <span class='ocrx_word' id='word_1_104' title='bbox 761 967 785 1007; x_wconf 91' lang='lat' dir='ltr'><strong>et</strong></span> <span class='ocrx_word' id='word_1_105' title='bbox 797 964 859 1009; x_wconf 86' lang='lat' dir='ltr'><strong>bono</strong></span> <span class='ocrx_word' id='word_1_106' title='bbox 871 976 876 1012; x_wconf 69' lang='grc' dir='ltr'><strong>ς</strong></span> <span class='ocrx_word' id='word_1_107' title='bbox 901 963 974 1009; x_wconf 83' lang='lat' dir='ltr'><strong>etiam</strong></span> 
     </span>
     <span class='ocr_line' id='line_1_13' title="bbox 119 1030 975 1085; baseline 0 -12"><span class='ocrx_word' id='word_1_108' title='bbox 119 1031 216 1074; x_wconf 90' lang='lat' dir='ltr'><strong>subdito</strong></span> <span class='ocrx_word' id='word_1_109' title='bbox 233 1033 271 1074; x_wconf 88' lang='lat' dir='ltr'><strong>eui</strong></span> <span class='ocrx_word' id='word_1_110' title='bbox 286 1030 360 1074; x_wconf 82' lang='lat' dir='ltr'><strong>tuerit</strong></span> <span class='ocrx_word' id='word_1_111' title='bbox 377 1033 494 1085; x_wconf 81' lang='lat' dir='ltr'><strong>denegata</strong></span> <span class='ocrx_word' id='word_1_112' title='bbox 510 1032 664 1085; x_wconf 85' lang='lat' dir='ltr'><strong>dispensatio,</strong></span> <span class='ocrx_word' id='word_1_113' title='bbox 683 1032 784 1085; x_wconf 78' lang='lat' dir='ltr'><strong>denegat</strong></span> <span class='ocrx_word' id='word_1_114' title='bbox 807 1032 844 1074; x_wconf 89' lang='lat' dir='ltr'><strong>ius</strong></span> <span class='ocrx_word' id='word_1_115' title='bbox 871 1032 975 1076; x_wconf 85' lang='lat' dir='ltr'><strong>adeundi</strong></span> 
     </span>
     <span class='ocr_line' id='line_1_14' title="bbox 119 1097 976 1155; baseline 0.001 -15"><span class='ocrx_word' id='word_1_116' title='bbox 119 1098 272 1154; x_wconf 84' lang='lat' dir='ltr'><strong>superiorem,</strong></span> <span class='ocrx_word' id='word_1_117' title='bbox 284 1101 313 1140; x_wconf 89' lang='lat' dir='ltr'><strong>ut</strong></span> <span class='ocrx_word' id='word_1_118' title='bbox 325 1111 379 1142; x_wconf 90' lang='lat' dir='ltr'><strong>eum</strong></span> <span class='ocrx_word' id='word_1_119' title='bbox 392 1098 526 1155; x_wconf 88' lang='lat' dir='ltr'><strong>compellat,</strong></span> <span class='ocrx_word' id='word_1_120' title='bbox 540 1098 598 1152; x_wconf 86' lang='lat' dir='ltr'><strong>quia</strong></span> <span class='ocrx_word' id='word_1_121' title='bbox 609 1113 618 1135; x_wconf 76' lang='lat' dir='ltr'><strong>a</strong></span> <span class='ocrx_word' id='word_1_122' title='bbox 629 1110 696 1147; x_wconf 85' lang='lat' dir='ltr'><strong>nemo</strong></span> <span class='ocrx_word' id='word_1_123' title='bbox 710 1099 803 1153; x_wconf 83' lang='lat' dir='ltr'><strong>cogitur</strong></span> <span class='ocrx_word' id='word_1_124' title='bbox 814 1097 892 1141; x_wconf 82' lang='lat' dir='ltr'><strong>iacere</strong></span> <span class='ocrx_word' id='word_1_125' title='bbox 905 1097 976 1141; x_wconf 90' lang='lat' dir='ltr'><strong>bene-</strong></span> 
     </span>
     <span class='ocr_line' id='line_1_15' title="bbox 118 1163 971 1218; baseline 0.002 -13"><span class='ocrx_word' id='word_1_126' title='bbox 118 1163 202 1207; x_wconf 82' lang='lat' dir='ltr'><strong>ficium</strong></span> <span class='ocrx_word' id='word_1_127' title='bbox 212 1180 221 1202; x_wconf 78' lang='lat' dir='ltr'><strong>n</strong></span> <span class='ocrx_word' id='word_1_128' title='bbox 233 1164 274 1218; x_wconf 78' lang='lat'>(1).</span> <span class='ocrx_word' id='word_1_129' title='bbox 287 1164 401 1209; x_wconf 80' lang='lat' dir='ltr'><strong>Debitum</strong></span> <span class='ocrx_word' id='word_1_130' title='bbox 411 1165 471 1207; x_wconf 86' lang='lat' dir='ltr'><strong>iilud</strong></span> <span class='ocrx_word' id='word_1_131' title='bbox 482 1177 529 1208; x_wconf 89' lang='lat' dir='ltr'><strong>non</strong></span> <span class='ocrx_word' id='word_1_132' title='bbox 540 1163 623 1206; x_wconf 88' lang='lat' dir='ltr'><strong>haberi</strong></span> <span class='ocrx_word' id='word_1_133' title='bbox 634 1166 662 1205; x_wconf 90' lang='lat' dir='ltr'><strong>ut</strong></span> <span class='ocrx_word' id='word_1_134' title='bbox 673 1163 784 1208; x_wconf 87' lang='lat' dir='ltr'><strong>strictum</strong></span> <span class='ocrx_word' id='word_1_135' title='bbox 796 1164 882 1206; x_wconf 77' lang='lat' dir='ltr'><strong>clarius</strong></span> <span class='ocrx_word' id='word_1_136' title='bbox 894 1165 971 1207; x_wconf 89' lang='lat' dir='ltr'><strong>adhue</strong></span> 
     </span>
     <span class='ocr_line' id='line_1_16' title="bbox 122 1229 974 1286; baseline -0.002 -11"><span class='ocrx_word' id='word_1_137' title='bbox 122 1233 223 1285; x_wconf 86' lang='lat' dir='ltr'><strong>apparet</strong></span> <span class='ocrx_word' id='word_1_138' title='bbox 236 1243 266 1273; x_wconf 76' lang='lat' dir='ltr'><strong>ex</strong></span> <span class='ocrx_word' id='word_1_139' title='bbox 278 1244 305 1273; x_wconf 91' lang='lat' dir='ltr'><strong>eo</strong></span> <span class='ocrx_word' id='word_1_140' title='bbox 320 1232 391 1285; x_wconf 86' lang='lat' dir='ltr'><strong>quod,</strong></span> <span class='ocrx_word' id='word_1_141' title='bbox 405 1231 475 1274; x_wconf 82' lang='lat' dir='ltr'><strong>iuxta</strong></span> <span class='ocrx_word' id='word_1_142' title='bbox 489 1230 692 1286; x_wconf 85' lang='lat' dir='ltr'><strong>dispensationem</strong></span> <span class='ocrx_word' id='word_1_143' title='bbox 706 1229 820 1279; x_wconf 85' lang='lat' dir='ltr'><strong>debitam,</strong></span> <span class='ocrx_word' id='word_1_144' title='bbox 850 1229 892 1272; x_wconf 89' lang='lat' dir='ltr'><strong>ubi</strong></span> <span class='ocrx_word' id='word_1_145' title='bbox 907 1232 974 1273; x_wconf 88' lang='lat' dir='ltr'><strong>adest</strong></span> 
     </span>
     <span class='ocr_line' id='line_1_17' title="bbox 109 1296 969 1351; baseline 0 -12"><span class='ocrx_word' id='word_1_146' title='bbox 109 1298 186 1340; x_wconf 39' lang='lat' dir='ltr'><strong>*iusta</strong></span> <span class='ocrx_word' id='word_1_147' title='bbox 200 1310 278 1346; x_wconf 88' lang='lat' dir='ltr'><strong>causa,</strong></span> <span class='ocrx_word' id='word_1_148' title='bbox 294 1300 318 1339; x_wconf 92' lang='lat' dir='ltr'><strong>et</strong></span> <span class='ocrx_word' id='word_1_149' title='bbox 331 1297 486 1351; x_wconf 80' lang='lat' dir='ltr'><strong>prohibitam,</strong></span> <span class='ocrx_word' id='word_1_150' title='bbox 501 1296 542 1341; x_wconf 87' lang='lat' dir='ltr'><strong>ubi</strong></span> <span class='ocrx_word' id='word_1_151' title='bbox 556 1310 585 1339; x_wconf 89' lang='lat' dir='ltr'><strong>ea</strong></span> <span class='ocrx_word' id='word_1_152' title='bbox 600 1297 672 1345; x_wconf 86' lang='lat' dir='ltr'><strong>deest,</strong></span> <span class='ocrx_word' id='word_1_153' title='bbox 688 1297 787 1350; x_wconf 89' lang='lat' dir='ltr'><strong>quidam</strong></span> <span class='ocrx_word' id='word_1_154' title='bbox 795 1296 969 1340; x_wconf 88' lang='lat' dir='ltr'><strong>Decretaiistae</strong></span> 
     </span>
     <span class='ocr_line' id='line_1_18' title="bbox 121 1361 972 1417; baseline 0 -11"><span class='ocrx_word' id='word_1_155' title='bbox 121 1363 255 1408; x_wconf 89' lang='lat' dir='ltr'><strong>admittunt</strong></span> <span class='ocrx_word' id='word_1_156' title='bbox 265 1366 289 1406; x_wconf 91' lang='lat' dir='ltr'><strong>et</strong></span> <span class='ocrx_word' id='word_1_157' title='bbox 299 1364 398 1407; x_wconf 85' lang='lat' dir='ltr'><strong>alteram</strong></span> <span class='ocrx_word' id='word_1_158' title='bbox 409 1363 518 1417; x_wconf 86' lang='lat' dir='ltr'><strong>speciem,</strong></span> <span class='ocrx_word' id='word_1_159' title='bbox 529 1375 614 1417; x_wconf 89' lang='lat' dir='ltr'><strong>nempe</strong></span> <span class='ocrx_word' id='word_1_160' title='bbox 624 1361 819 1416; x_wconf 79' lang='lat' dir='ltr'><strong>dispensationem</strong></span> <span class='ocrx_word' id='word_1_161' title='bbox 829 1363 972 1416; x_wconf 80' lang='lat' dir='ltr'><strong>permissam.</strong></span> 
     </span>
     <span class='ocr_line' id='line_1_19' title="bbox 121 1428 972 1484; baseline 0.004 -13"><span class='ocrx_word' id='word_1_162' title='bbox 121 1429 200 1472; x_wconf 88' lang='lat' dir='ltr'><strong>Huius</strong></span> <span class='ocrx_word' id='word_1_163' title='bbox 210 1432 292 1474; x_wconf 90' lang='lat' dir='ltr'><strong>tamen</strong></span> <span class='ocrx_word' id='word_1_164' title='bbox 302 1430 424 1474; x_wconf 88' lang='lat' dir='ltr'><strong>notionem</strong></span> <span class='ocrx_word' id='word_1_165' title='bbox 435 1429 523 1473; x_wconf 87' lang='lat' dir='ltr'><strong>claram</strong></span> <span class='ocrx_word' id='word_1_166' title='bbox 533 1442 582 1473; x_wconf 89' lang='lat' dir='ltr'><strong>non</strong></span> <span class='ocrx_word' id='word_1_167' title='bbox 591 1430 699 1472; x_wconf 89' lang='lat' dir='ltr'><strong>tradunt.</strong></span> <span class='ocrx_word' id='word_1_168' title='bbox 712 1429 747 1472; x_wconf 91' lang='lat' dir='ltr'><strong>De</strong></span> <span class='ocrx_word' id='word_1_169' title='bbox 757 1429 802 1471; x_wconf 88' lang='lat' dir='ltr'><strong>hac</strong></span> <span class='ocrx_word' id='word_1_170' title='bbox 812 1428 972 1484; x_wconf 82' lang='lat' dir='ltr'><strong>Raymundus</strong></span> 
     </span>
     <span class='ocr_line' id='line_1_20' title="bbox 121 1494 973 1552; baseline 0.005 -15"><span class='ocrx_word' id='word_1_171' title='bbox 121 1496 217 1540; x_wconf 88' lang='lat' dir='ltr'><strong>omnino</strong></span> <span class='ocrx_word' id='word_1_172' title='bbox 232 1496 380 1541; x_wconf 87' lang='lat' dir='ltr'><strong>haesitanter</strong></span> <span class='ocrx_word' id='word_1_173' title='bbox 392 1496 500 1552; x_wconf 87' lang='lat' dir='ltr'><strong>loquitur</strong></span> <span class='ocrx_word' id='word_1_174' title='bbox 511 1494 561 1549; x_wconf 82' lang='lat'>(2);</span> <span class='ocrx_word' id='word_1_175' title='bbox 593 1495 632 1540; x_wconf 83' lang='lat' dir='ltr'><strong>aiii</strong></span> <span class='ocrx_word' id='word_1_176' title='bbox 647 1508 699 1540; x_wconf 88' lang='lat' dir='ltr'><strong>eam</strong></span> <span class='ocrx_word' id='word_1_177' title='bbox 713 1508 761 1540; x_wconf 90' lang='lat' dir='ltr'><strong>non</strong></span> <span class='ocrx_word' id='word_1_178' title='bbox 776 1495 903 1546; x_wconf 81' lang='lat' dir='ltr'><strong>definiunt,</strong></span> <span class='ocrx_word' id='word_1_179' title='bbox 933 1497 973 1541; x_wconf 88' lang='lat' dir='ltr'><strong>sed</strong></span> 
     </span>
     <span class='ocr_line' id='line_1_21' title="bbox 120 1563 844 1622; baseline -0.001 -17"><span class='ocrx_word' id='word_1_180' title='bbox 120 1563 234 1617; x_wconf 80' lang='lat' dir='ltr'><strong>exemptis</strong></span> <span class='ocrx_word' id='word_1_181' title='bbox 245 1563 376 1606; x_wconf 81' lang='lat' dir='ltr'><strong>illustrant.</strong></span> <span class='ocrx_word' id='word_1_182' title='bbox 837 1618 844 1622; x_wconf 67' lang='lat'>‚</span> 
     </span>
     <span class='ocr_line' id='line_1_22' title="bbox 51 1627 974 1683; baseline 0.002 -12"><span class='ocrx_word' id='word_1_183' title='bbox 51 1627 55 1631; x_wconf 82' lang='lat'>&#39;</span> <span class='ocrx_word' id='word_1_184' title='bbox 151 1628 227 1673; x_wconf 85' lang='lat' dir='ltr'><strong>Obvie</strong></span> <span class='ocrx_word' id='word_1_185' title='bbox 240 1632 339 1683; x_wconf 87' lang='lat' dir='ltr'><strong>apparet</strong></span> <span class='ocrx_word' id='word_1_186' title='bbox 350 1630 412 1675; x_wconf 85' lang='lat' dir='ltr'><strong>hane</strong></span> <span class='ocrx_word' id='word_1_187' title='bbox 423 1630 522 1674; x_wconf 90' lang='lat' dir='ltr'><strong>tertiam</strong></span> <span class='ocrx_word' id='word_1_188' title='bbox 535 1629 745 1683; x_wconf 85' lang='lat' dir='ltr'><strong>dispensationem,</strong></span> <span class='ocrx_word' id='word_1_189' title='bbox 758 1630 898 1683; x_wconf 85' lang='lat' dir='ltr'><strong>permissam</strong></span> <span class='ocrx_word' id='word_1_190' title='bbox 909 1641 974 1676; x_wconf 88' lang='lat' dir='ltr'><strong>nem-</strong></span> 
     </span>
     <span class='ocr_line' id='line_1_23' title="bbox 85 1696 975 1751; baseline -0.003 -10"><span class='ocrx_word' id='word_1_191' title='bbox 85 1739 87 1741; x_wconf 78' lang='grc'>,</span> <span class='ocrx_word' id='word_1_192' title='bbox 118 1708 155 1750; x_wconf 87' lang='lat' dir='ltr'><strong>pe,</strong></span> <span class='ocrx_word' id='word_1_193' title='bbox 170 1709 219 1740; x_wconf 89' lang='lat' dir='ltr'><strong>non</strong></span> <span class='ocrx_word' id='word_1_194' title='bbox 233 1709 290 1745; x_wconf 86' lang='lat' dir='ltr'><strong>esse,</strong></span> <span class='ocrx_word' id='word_1_195' title='bbox 306 1696 456 1751; x_wconf 86' lang='lat' dir='ltr'><strong>quaspecies</strong></span> <span class='ocrx_word' id='word_1_196' title='bbox 472 1696 664 1751; x_wconf 87' lang='lat' dir='ltr'><strong>dispensationis,</strong></span> <span class='ocrx_word' id='word_1_197' title='bbox 679 1697 704 1740; x_wconf 91' lang='lat' dir='ltr'><strong>in</strong></span> <span class='ocrx_word' id='word_1_198' title='bbox 719 1698 801 1739; x_wconf 91' lang='lat' dir='ltr'><strong>eodem</strong></span> <span class='ocrx_word' id='word_1_199' title='bbox 824 1696 907 1740; x_wconf 90' lang='lat' dir='ltr'><strong>ordine</strong></span> <span class='ocrx_word' id='word_1_200' title='bbox 921 1709 975 1739; x_wconf 89' lang='lat' dir='ltr'><strong>cum</strong></span> 
     </span>
     <span class='ocr_line' id='line_1_24' title="bbox 84 1755 1023 1819; baseline 0.002 -14"><span class='ocrx_word' id='word_1_201' title='bbox 84 1780 85 1783; x_wconf 42' lang='lat'>¹</span> <span class='ocrx_word' id='word_1_202' title='bbox 119 1763 201 1808; x_wconf 84' lang='lat' dir='ltr'><strong>debita</strong></span> <span class='ocrx_word' id='word_1_203' title='bbox 216 1766 240 1804; x_wconf 90' lang='lat' dir='ltr'><strong>et</strong></span> <span class='ocrx_word' id='word_1_204' title='bbox 255 1762 377 1815; x_wconf 89' lang='lat' dir='ltr'><strong>prohibita</strong></span> <span class='ocrx_word' id='word_1_205' title='bbox 392 1762 570 1819; x_wconf 55' lang='lat' dir='ltr'><strong>collocandame</strong></span> <span class='ocrx_word' id='word_1_206' title='bbox 587 1764 644 1806; x_wconf 92' lang='lat' dir='ltr'><strong>dum</strong></span> <span class='ocrx_word' id='word_1_207' title='bbox 659 1764 722 1807; x_wconf 88' lang='lat' dir='ltr'><strong>enim</strong></span> <span class='ocrx_word' id='word_1_208' title='bbox 738 1762 782 1806; x_wconf 90' lang='lat' dir='ltr'><strong>hae</strong></span> <span class='ocrx_word' id='word_1_209' title='bbox 799 1763 922 1818; x_wconf 85' lang='lat' dir='ltr'><strong>duaesibi</strong></span> <span class='ocrx_word' id='word_1_210' title='bbox 937 1764 976 1807; x_wconf 92' lang='lat' dir='ltr'><strong>in-</strong></span> <span class='ocrx_word' id='word_1_211' title='bbox 1020 1755 1023 1758; x_wconf 60' lang='grc'><strong>’</strong></span> 
     </span>
     <span class='ocr_line' id='line_1_25' title="bbox 58 1829 974 1884; baseline 0 -13"><span class='ocrx_word' id='word_1_212' title='bbox 58 1881 60 1884; x_wconf 13' lang='lat' dir='ltr'>y</span> <span class='ocrx_word' id='word_1_213' title='bbox 117 1829 196 1872; x_wconf 89' lang='lat' dir='ltr'><strong>vicem</strong></span> <span class='ocrx_word' id='word_1_214' title='bbox 208 1831 363 1883; x_wconf 89' lang='lat' dir='ltr'><strong>opponuntur</strong></span> <span class='ocrx_word' id='word_1_215' title='bbox 373 1829 467 1872; x_wconf 85' lang='lat' dir='ltr'><strong>ratione</strong></span> <span class='ocrx_word' id='word_1_216' title='bbox 479 1842 563 1872; x_wconf 87' lang='lat' dir='ltr'><strong>causae</strong></span> <span class='ocrx_word' id='word_1_217' title='bbox 576 1829 720 1874; x_wconf 80' lang='lat' dir='ltr'><strong>sufficientis</strong></span> <span class='ocrx_word' id='word_1_218' title='bbox 732 1842 793 1883; x_wconf 87' lang='lat' dir='ltr'><strong>quae</strong></span> <span class='ocrx_word' id='word_1_219' title='bbox 805 1830 843 1872; x_wconf 87' lang='lat' dir='ltr'><strong>vel</strong></span> <span class='ocrx_word' id='word_1_220' title='bbox 856 1831 925 1872; x_wconf 85' lang='lat' dir='ltr'><strong>adest</strong></span> <span class='ocrx_word' id='word_1_221' title='bbox 936 1831 974 1872; x_wconf 87' lang='lat' dir='ltr'><strong>vei</strong></span> 
     </span>
     <span class='ocr_line' id='line_1_26' title="bbox 59 1895 973 1949; baseline 0.001 -12"><span class='ocrx_word' id='word_1_222' title='bbox 59 1911 60 1914; x_wconf 45' lang='lat'>¹</span> <span class='ocrx_word' id='word_1_223' title='bbox 119 1896 193 1943; x_wconf 87' lang='lat' dir='ltr'><strong>deest,</strong></span> <span class='ocrx_word' id='word_1_224' title='bbox 209 1896 324 1949; x_wconf 88' lang='lat' dir='ltr'><strong>permissa</strong></span> <span class='ocrx_word' id='word_1_225' title='bbox 348 1899 432 1940; x_wconf 86' lang='lat' dir='ltr'><strong>eontra</strong></span> <span class='ocrx_word' id='word_1_226' title='bbox 456 1897 544 1938; x_wconf 88' lang='lat' dir='ltr'><strong>dicitur</strong></span> <span class='ocrx_word' id='word_1_227' title='bbox 556 1897 651 1939; x_wconf 88' lang='lat' dir='ltr'><strong>ratione</strong></span> <span class='ocrx_word' id='word_1_228' title='bbox 665 1896 794 1949; x_wconf 84' lang='lat' dir='ltr'><strong>potestatis</strong></span> <span class='ocrx_word' id='word_1_229' title='bbox 809 1895 881 1938; x_wconf 82' lang='lat' dir='ltr'><strong>alicui</strong></span> <span class='ocrx_word' id='word_1_230' title='bbox 894 1895 973 1938; x_wconf 85' lang='lat' dir='ltr'><strong>iactae</strong></span> 
     </span>
     <span class='ocr_line' id='line_1_27' title="bbox 119 1953 969 2020; baseline 0.001 -17"><span class='ocrx_word' id='word_1_231' title='bbox 119 1962 280 2015; x_wconf 85' lang='lat' dir='ltr'><strong>dispensandi,</strong></span> <span class='ocrx_word' id='word_1_232' title='bbox 300 1953 451 2016; x_wconf 79' lang='lat' dir='ltr'><strong>quocumque</strong></span> <span class='ocrx_word' id='word_1_233' title='bbox 468 1962 549 2010; x_wconf 80' lang='lat' dir='ltr'><strong>tituto,</strong></span> <span class='ocrx_word' id='word_1_234' title='bbox 568 1962 594 2006; x_wconf 91' lang='lat' dir='ltr'><strong>in</strong></span> <span class='ocrx_word' id='word_1_235' title='bbox 612 1962 661 2016; x_wconf 79' lang='lat' dir='ltr'><strong>lege</strong></span> <span class='ocrx_word' id='word_1_236' title='bbox 680 1963 824 2020; x_wconf 85' lang='lat' dir='ltr'><strong>superioris:</strong></span> <span class='ocrx_word' id='word_1_237' title='bbox 843 1961 899 2003; x_wconf 84' lang='lat' dir='ltr'><strong>buic</strong></span> <span class='ocrx_word' id='word_1_238' title='bbox 917 1972 969 2015; x_wconf 78' lang='lat' dir='ltr'><strong>ergo</strong></span> 
     </span>
     <span class='ocr_line' id='line_1_28' title="bbox 118 2027 972 2083; baseline 0.005 -15"><span class='ocrx_word' id='word_1_239' title='bbox 118 2027 265 2083; x_wconf 82' lang='lat' dir='ltr'><strong>dispensanti</strong></span> <span class='ocrx_word' id='word_1_240' title='bbox 277 2028 390 2080; x_wconf 87' lang='lat' dir='ltr'><strong>permissa</strong></span> <span class='ocrx_word' id='word_1_241' title='bbox 412 2031 448 2069; x_wconf 92' lang='lat' dir='ltr'><strong>est</strong></span> <span class='ocrx_word' id='word_1_242' title='bbox 472 2029 627 2082; x_wconf 88' lang='lat' dir='ltr'><strong>dispensatio.</strong></span> <span class='ocrx_word' id='word_1_243' title='bbox 655 2028 729 2071; x_wconf 87' lang='lat' dir='ltr'><strong>Porro</strong></span> <span class='ocrx_word' id='word_1_244' title='bbox 741 2028 866 2082; x_wconf 87' lang='lat' dir='ltr'><strong>haecipsa</strong></span> <span class='ocrx_word' id='word_1_245' title='bbox 878 2029 972 2082; x_wconf 54' lang='lat' dir='ltr'><strong>disperi*</strong></span> 
     </span>
     <span class='ocr_line' id='line_1_29' title="bbox 119 2093 971 2148; baseline 0.005 -13"><span class='ocrx_word' id='word_1_246' title='bbox 119 2094 181 2137; x_wconf 89' lang='lat' dir='ltr'><strong>satio</strong></span> <span class='ocrx_word' id='word_1_247' title='bbox 192 2094 313 2146; x_wconf 84' lang='lat' dir='ltr'><strong>permissa,</strong></span> <span class='ocrx_word' id='word_1_248' title='bbox 324 2100 366 2147; x_wconf 90' lang='lat' dir='ltr'><strong>pro</strong></span> <span class='ocrx_word' id='word_1_249' title='bbox 378 2094 477 2136; x_wconf 89' lang='lat' dir='ltr'><strong>diversis</strong></span> <span class='ocrx_word' id='word_1_250' title='bbox 487 2094 589 2142; x_wconf 87' lang='lat' dir='ltr'><strong>casibus,</strong></span> <span class='ocrx_word' id='word_1_251' title='bbox 600 2094 645 2136; x_wconf 89' lang='lat' dir='ltr'><strong>erit</strong></span> <span class='ocrx_word' id='word_1_252' title='bbox 654 2094 692 2136; x_wconf 82' lang='lat' dir='ltr'><strong>vel</strong></span> <span class='ocrx_word' id='word_1_253' title='bbox 702 2094 785 2137; x_wconf 87' lang='lat' dir='ltr'><strong>debita</strong></span> <span class='ocrx_word' id='word_1_254' title='bbox 793 2094 832 2137; x_wconf 85' lang='lat' dir='ltr'><strong>vel</strong></span> <span class='ocrx_word' id='word_1_255' title='bbox 841 2093 971 2148; x_wconf 83' lang='lat' dir='ltr'><strong>prohibita.</strong></span> 
     </span>
     <span class='ocr_line' id='line_1_30' title="bbox 85 2156 968 2214; baseline 0.005 -14"><span class='ocrx_word' id='word_1_256' title='bbox 85 2156 91 2160; x_wconf 72' lang='grc'><strong>’</strong></span> <span class='ocrx_word' id='word_1_257' title='bbox 123 2203 126 2206; x_wconf 73' lang='grc'><em>,</em></span> <span class='ocrx_word' id='word_1_258' title='bbox 149 2159 170 2200; x_wconf 75' lang='lat' dir='ltr'><strong>d.</strong></span> <span class='ocrx_word' id='word_1_259' title='bbox 184 2159 242 2201; x_wconf 86' lang='lat' dir='ltr'><strong>Cum</strong></span> <span class='ocrx_word' id='word_1_260' title='bbox 259 2159 302 2202; x_wconf 86' lang='lat' dir='ltr'><strong>hac</strong></span> <span class='ocrx_word' id='word_1_261' title='bbox 318 2160 458 2214; x_wconf 86' lang='lat' dir='ltr'><strong>quaestione</strong></span> <span class='ocrx_word' id='word_1_262' title='bbox 473 2173 581 2204; x_wconf 80' lang='lat' dir='ltr'><strong>connexa</strong></span> <span class='ocrx_word' id='word_1_263' title='bbox 593 2162 629 2202; x_wconf 88' lang='lat' dir='ltr'><strong>est</strong></span> <span class='ocrx_word' id='word_1_264' title='bbox 646 2160 692 2204; x_wconf 88' lang='lat' dir='ltr'><strong>alia</strong></span> <span class='ocrx_word' id='word_1_265' title='bbox 708 2162 879 2208; x_wconf 75' lang='lat' dir='ltr'><strong>controversia,</strong></span> <span class='ocrx_word' id='word_1_266' title='bbox 896 2161 968 2204; x_wconf 83' lang='lat' dir='ltr'><strong>ianra</strong></span> 
     </span>
     <span class='ocr_line' id='line_1_31' title="bbox 117 2226 968 2283; baseline 0 -16"><span class='ocrx_word' id='word_1_267' title='bbox 117 2230 225 2279; x_wconf 88' lang='lat' dir='ltr'><strong>tempore</strong></span> <span class='ocrx_word' id='word_1_268' title='bbox 240 2226 429 2269; x_wconf 86' lang='lat' dir='ltr'><strong>Decretistarum</strong></span> <span class='ocrx_word' id='word_1_269' title='bbox 439 2240 508 2281; x_wconf 87' lang='lat' dir='ltr'><strong>saepe</strong></span> <span class='ocrx_word' id='word_1_270' title='bbox 518 2228 618 2280; x_wconf 74' lang='lat' dir='ltr'><strong>agitata,</strong></span> <span class='ocrx_word' id='word_1_271' title='bbox 634 2229 714 2269; x_wconf 84' lang='lat' dir='ltr'><strong>utrum</strong></span> <span class='ocrx_word' id='word_1_272' title='bbox 729 2239 815 2283; x_wconf 87' lang='lat' dir='ltr'><strong>nempe</strong></span> <span class='ocrx_word' id='word_1_273' title='bbox 825 2226 968 2279; x_wconf 78' lang='lat' dir='ltr'><strong>dispensatio</strong></span> 
     </span>
     <span class='ocr_line' id='line_1_32' title="bbox 119 2291 972 2353; baseline 0.002 -19"><span class='ocrx_word' id='word_1_274' title='bbox 119 2292 151 2334; x_wconf 88' lang='lat' dir='ltr'><strong>sit</strong></span> <span class='ocrx_word' id='word_1_275' title='bbox 161 2291 205 2341; x_wconf 88' lang='lat' dir='ltr'><strong>ius,</strong></span> <span class='ocrx_word' id='word_1_276' title='bbox 216 2292 241 2335; x_wconf 89' lang='lat' dir='ltr'><strong>id</strong></span> <span class='ocrx_word' id='word_1_277' title='bbox 253 2296 288 2335; x_wconf 92' lang='lat' dir='ltr'><strong>est</strong></span> <span class='ocrx_word' id='word_1_278' title='bbox 299 2292 380 2347; x_wconf 80' lang='lat' dir='ltr'><strong>regula</strong></span> <span class='ocrx_word' id='word_1_279' title='bbox 391 2305 440 2352; x_wconf 83' lang='lat' dir='ltr'><strong>qua</strong></span> <span class='ocrx_word' id='word_1_280' title='bbox 451 2294 504 2348; x_wconf 87' lang='lat' dir='ltr'><strong>quis</strong></span> <span class='ocrx_word' id='word_1_281' title='bbox 514 2294 551 2336; x_wconf 87' lang='lat' dir='ltr'><strong>uti</strong></span> <span class='ocrx_word' id='word_1_282' title='bbox 563 2294 644 2339; x_wconf 86' lang='lat' dir='ltr'><strong>valeat</strong></span> <span class='ocrx_word' id='word_1_283' title='bbox 656 2295 685 2336; x_wconf 83' lang='lat' dir='ltr'><strong>ad</strong></span> <span class='ocrx_word' id='word_1_284' title='bbox 697 2294 839 2346; x_wconf 81' lang='lat' dir='ltr'><strong>exigendam</strong></span> <span class='ocrx_word' id='word_1_285' title='bbox 851 2294 972 2353; x_wconf 89' lang='lat' dir='ltr'><strong>dispensa-</strong></span> 
     </span>
    </p>
   </div>
   <div class='ocr_carea' id='block_1_7' title="bbox 113 2487 976 2703">
    <p class='ocr_par' dir='ltr' id='par_1_8' title="bbox 113 2487 976 2703">
     <span class='ocr_line' id='line_1_33' title="bbox 141 2487 976 2537; baseline 0.001 -13"><span class='ocrx_word' id='word_1_286' title='bbox 141 2489 172 2533; x_wconf 83' lang='lat'><strong>(1)</strong></span> <span class='ocrx_word' id='word_1_287' title='bbox 193 2489 345 2531; x_wconf 63' lang='lat' dir='ltr'><strong>Donamus-o.</strong></span> <span class='ocrx_word' id='word_1_288' title='bbox 357 2498 381 2530; x_wconf 76' lang='lat' dir='ltr'><strong>a,</strong></span> <span class='ocrx_word' id='word_1_289' title='bbox 395 2488 407 2523; x_wconf 88' lang='lat' dir='ltr'><strong>t.</strong></span> <span class='ocrx_word' id='word_1_290' title='bbox 418 2497 443 2531; x_wconf 89' lang='lat' dir='ltr'><strong>c.‚</strong></span> <span class='ocrx_word' id='word_1_291' title='bbox 457 2487 496 2530; x_wconf 77' lang='lat'><strong>§3.</strong></span> <span class='ocrx_word' id='word_1_292' title='bbox 518 2502 526 2521; x_wconf 75' lang='lat' dir='ltr'><strong>r</strong></span> <span class='ocrx_word' id='word_1_293' title='bbox 537 2488 650 2532; x_wconf 84' lang='lat' dir='ltr'><strong>Numquid</strong></span> <span class='ocrx_word' id='word_1_294' title='bbox 661 2495 710 2537; x_wconf 80' lang='lat' dir='ltr'><strong>ergo</strong></span> <span class='ocrx_word' id='word_1_295' title='bbox 721 2487 809 2524; x_wconf 86' lang='lat' dir='ltr'><strong>tenetur</strong></span> <span class='ocrx_word' id='word_1_296' title='bbox 821 2489 936 2533; x_wconf 88' lang='lat' dir='ltr'><strong>episcopus</strong></span> <span class='ocrx_word' id='word_1_297' title='bbox 949 2497 976 2525; x_wconf 83' lang='lat' dir='ltr'><strong>ex</strong></span> 
     </span>
     <span class='ocr_line' id='line_1_34' title="bbox 116 2544 971 2590; baseline 0 -10"><span class='ocrx_word' id='word_1_298' title='bbox 116 2545 190 2580; x_wconf 88' lang='lat' dir='ltr'><strong>debito</strong></span> <span class='ocrx_word' id='word_1_299' title='bbox 207 2553 257 2579; x_wconf 88' lang='lat' dir='ltr'><strong>cum</strong></span> <span class='ocrx_word' id='word_1_300' title='bbox 269 2544 382 2580; x_wconf 89' lang='lat' dir='ltr'><strong>criminoso</strong></span> <span class='ocrx_word' id='word_1_301' title='bbox 396 2545 520 2589; x_wconf 83' lang='lat' dir='ltr'><strong>dispensare</strong></span> <span class='ocrx_word' id='word_1_302' title='bbox 531 2546 583 2589; x_wconf 87' lang='lat' dir='ltr'><strong>post</strong></span> <span class='ocrx_word' id='word_1_303' title='bbox 594 2546 706 2589; x_wconf 86' lang='lat' dir='ltr'><strong>peractam</strong></span> <span class='ocrx_word' id='word_1_304' title='bbox 718 2545 918 2590; x_wconf 83' lang='lat' dir='ltr'><strong>poeniteutiam‘i...</strong></span> <span class='ocrx_word' id='word_1_305' title='bbox 930 2545 971 2581; x_wconf 89' lang='lat' dir='ltr'><strong>Sed</strong></span> 
     </span>
     <span class='ocr_line' id='line_1_35' title="bbox 114 2600 973 2646; baseline 0.001 -10"><span class='ocrx_word' id='word_1_306' title='bbox 114 2601 149 2636; x_wconf 88' lang='lat' dir='ltr'><strong>dic</strong></span> <span class='ocrx_word' id='word_1_307' title='bbox 159 2601 218 2646; x_wconf 87' lang='lat' dir='ltr'><strong>quod</strong></span> <span class='ocrx_word' id='word_1_308' title='bbox 230 2600 294 2635; x_wconf 89' lang='lat' dir='ltr'><strong>dehet</strong></span> <span class='ocrx_word' id='word_1_309' title='bbox 305 2601 330 2635; x_wconf 89' lang='lat' dir='ltr'><strong>de</strong></span> <span class='ocrx_word' id='word_1_310' title='bbox 340 2601 397 2636; x_wconf 90' lang='lat' dir='ltr'><strong>bono</strong></span> <span class='ocrx_word' id='word_1_311' title='bbox 409 2601 431 2634; x_wconf 86' lang='lat' dir='ltr'><strong>et</strong></span> <span class='ocrx_word' id='word_1_312' title='bbox 440 2609 532 2645; x_wconf 80' lang='lat' dir='ltr'><strong>aequo..</strong></span> <span class='ocrx_word' id='word_1_313' title='bbox 544 2601 574 2636; x_wconf 86' lang='lat' dir='ltr'><strong>Et</strong></span> <span class='ocrx_word' id='word_1_314' title='bbox 584 2602 601 2636; x_wconf 90' lang='lat' dir='ltr'><strong>si</strong></span> <span class='ocrx_word' id='word_1_315' title='bbox 611 2601 749 2646; x_wconf 85' lang='lat' dir='ltr'><strong>nolit,potest</strong></span> <span class='ocrx_word' id='word_1_316' title='bbox 759 2601 859 2636; x_wconf 90' lang='lat' dir='ltr'><strong>subditus</strong></span> <span class='ocrx_word' id='word_1_317' title='bbox 870 2602 930 2638; x_wconf 85' lang='lat' dir='ltr'><strong>adire</strong></span> <span class='ocrx_word' id='word_1_318' title='bbox 940 2611 973 2637; x_wconf 90' lang='lat' dir='ltr'><strong>su-</strong></span> 
     </span>
     <span class='ocr_line' id='line_1_36' title="bbox 113 2656 972 2703; baseline 0.003 -13"><span class='ocrx_word' id='word_1_319' title='bbox 113 2658 227 2702; x_wconf 87' lang='lat' dir='ltr'><strong>periorem,</strong></span> <span class='ocrx_word' id='word_1_320' title='bbox 241 2656 265 2690; x_wconf 90' lang='lat' dir='ltr'><strong>ut</strong></span> <span class='ocrx_word' id='word_1_321' title='bbox 279 2664 327 2690; x_wconf 88' lang='lat' dir='ltr'><strong>eum</strong></span> <span class='ocrx_word' id='word_1_322' title='bbox 340 2656 480 2702; x_wconf 82' lang='lat' dir='ltr'><strong>compellat...</strong></span> <span class='ocrx_word' id='word_1_323' title='bbox 494 2658 553 2701; x_wconf 86' lang='lat' dir='ltr'><strong>quod</strong></span> <span class='ocrx_word' id='word_1_324' title='bbox 566 2661 609 2693; x_wconf 82' lang='lat' dir='ltr'><strong>non</strong></span> <span class='ocrx_word' id='word_1_325' title='bbox 622 2657 700 2702; x_wconf 87' lang='lat' dir='ltr'><strong>placet,</strong></span> <span class='ocrx_word' id='word_1_326' title='bbox 714 2657 765 2702; x_wconf 80' lang='lat' dir='ltr'><strong>quia</strong></span> <span class='ocrx_word' id='word_1_327' title='bbox 775 2664 837 2692; x_wconf 80' lang='lat' dir='ltr'><strong>nemo</strong></span> <span class='ocrx_word' id='word_1_328' title='bbox 847 2658 933 2703; x_wconf 76' lang='lat' dir='ltr'><strong>cogitur</strong></span> <span class='ocrx_word' id='word_1_329' title='bbox 941 2658 972 2696; x_wconf 51' lang='grc' dir='ltr'><strong>ἵει,</strong></span> 
     </span>
    </p>
   </div>
   <div class='ocr_carea' id='block_1_8' title="bbox 44 2712 328 2753">
    <p class='ocr_par' dir='ltr' id='par_1_9' title="bbox 44 2712 328 2753">
     <span class='ocr_line' id='line_1_37' title="bbox 44 2712 328 2753; baseline -0.014 -5"><span class='ocrx_word' id='word_1_330' title='bbox 44 2737 47 2738; x_wconf 17' lang='grc' dir='ltr'><em>γ</em></span> <span class='ocrx_word' id='word_1_331' title='bbox 115 2722 161 2748; x_wconf 86' lang='lat' dir='ltr'><strong>aere</strong></span> <span class='ocrx_word' id='word_1_332' title='bbox 173 2712 304 2753; x_wconf 79' lang='lat' dir='ltr'><strong>heneficium</strong></span> <span class='ocrx_word' id='word_1_333' title='bbox 313 2725 328 2749; x_wconf 77' lang='lat' dir='ltr'><strong>s,</strong></span> 
     </span>
    </p>
   </div>
   <div class='ocr_carea' id='block_1_9' title="bbox 114 2767 982 2988">
    <p class='ocr_par' dir='ltr' id='par_1_10' title="bbox 114 2767 982 2988">
     <span class='ocr_line' id='line_1_38' title="bbox 142 2767 982 2817; baseline 0.001 -13"><span class='ocrx_word' id='word_1_334' title='bbox 142 2769 173 2814; x_wconf 83' lang='lat'><strong>(2)</strong></span> <span class='ocrx_word' id='word_1_335' title='bbox 189 2769 283 2811; x_wconf 86' lang='lat' dir='ltr'><strong>Summa,</strong></span> <span class='ocrx_word' id='word_1_336' title='bbox 299 2767 312 2804; x_wconf 85' lang='lat' dir='ltr'><strong>i.</strong></span> <span class='ocrx_word' id='word_1_337' title='bbox 326 2778 358 2804; x_wconf 80' lang='lat' dir='ltr'><strong>a:</strong></span> <span class='ocrx_word' id='word_1_338' title='bbox 373 2768 497 2805; x_wconf 82' lang='lat' dir='ltr'><strong>«Permissa</strong></span> <span class='ocrx_word' id='word_1_339' title='bbox 511 2769 578 2805; x_wconf 83' lang='lat' dir='ltr'><strong>etiam</strong></span> <span class='ocrx_word' id='word_1_340' title='bbox 592 2770 708 2814; x_wconf 83' lang='lat' dir='ltr'><strong>aliquando</strong></span> <span class='ocrx_word' id='word_1_341' title='bbox 723 2768 803 2804; x_wconf 86' lang='lat' dir='ltr'><strong>uidetur</strong></span> <span class='ocrx_word' id='word_1_342' title='bbox 818 2769 982 2817; x_wconf 24' lang='lat' dir='ltr'><strong>dispensatio...-</strong></span> 
     </span>
     <span class='ocr_line' id='line_1_39' title="bbox 114 2824 974 2869; baseline 0.002 -9"><span class='ocrx_word' id='word_1_343' title='bbox 114 2826 173 2869; x_wconf 86' lang='lat' dir='ltr'><strong>quod</strong></span> <span class='ocrx_word' id='word_1_344' title='bbox 184 2825 236 2869; x_wconf 70' lang='lat' dir='ltr'><strong>torte</strong></span> <span class='ocrx_word' id='word_1_345' title='bbox 247 2825 320 2869; x_wconf 84' lang='lat' dir='ltr'><strong>potest</strong></span> <span class='ocrx_word' id='word_1_346' title='bbox 330 2824 429 2869; x_wconf 79' lang='lat' dir='ltr'><strong>intelligi,</strong></span> <span class='ocrx_word' id='word_1_347' title='bbox 442 2826 528 2868; x_wconf 83' lang='lat' dir='ltr'><strong>quando</strong></span> <span class='ocrx_word' id='word_1_348' title='bbox 540 2826 619 2869; x_wconf 80' lang='lat' dir='ltr'><strong>aliquis</strong></span> <span class='ocrx_word' id='word_1_349' title='bbox 630 2826 777 2861; x_wconf 83' lang='lat' dir='ltr'><strong>adactionem</strong></span> <span class='ocrx_word' id='word_1_350' title='bbox 788 2825 878 2861; x_wconf 82' lang='lat' dir='ltr'><strong>alterius</strong></span> <span class='ocrx_word' id='word_1_351' title='bbox 890 2827 974 2862; x_wconf 86' lang='lat' dir='ltr'><strong>convic-</strong></span> 
     </span>
     <span class='ocr_line' id='line_1_40' title="bbox 114 2873 975 2926; baseline 0.005 -11"><span class='ocrx_word' id='word_1_352' title='bbox 114 2882 150 2915; x_wconf 86' lang='lat' dir='ltr'><strong>tus</strong></span> <span class='ocrx_word' id='word_1_353' title='bbox 165 2883 198 2916; x_wconf 86' lang='lat' dir='ltr'><strong>est</strong></span> <span class='ocrx_word' id='word_1_354' title='bbox 211 2881 338 2926; x_wconf 88' lang='lat' dir='ltr'><strong>surripuisse</strong></span> <span class='ocrx_word' id='word_1_355' title='bbox 352 2889 405 2917; x_wconf 84' lang='lat' dir='ltr'><strong>vasa</strong></span> <span class='ocrx_word' id='word_1_356' title='bbox 418 2880 533 2924; x_wconf 86' lang='lat' dir='ltr'><strong>Ecclesiae,</strong></span> <span class='ocrx_word' id='word_1_357' title='bbox 547 2882 583 2919; x_wconf 83' lang='lat' dir='ltr'><strong>vel</strong></span> <span class='ocrx_word' id='word_1_358' title='bbox 596 2882 660 2918; x_wconf 79' lang='lat' dir='ltr'><strong>aliam</strong></span> <span class='ocrx_word' id='word_1_359' title='bbox 673 2891 719 2917; x_wconf 87' lang='lat' dir='ltr'><strong>rem</strong></span> <span class='ocrx_word' id='word_1_360' title='bbox 732 2873 908 2925; x_wconf 83' lang='lat' dir='ltr'><strong>eeclesiasticam,</strong></span> <span class='ocrx_word' id='word_1_361' title='bbox 921 2883 975 2924; x_wconf 82' lang='lat' dir='ltr'><strong>tune</strong></span> 
     </span>
     <span class='ocr_line' id='line_1_41' title="bbox 117 2936 974 2988; baseline -0.001 -16"><span class='ocrx_word' id='word_1_362' title='bbox 117 2936 134 2977; x_wconf 82' lang='lat' dir='ltr'><strong>si</strong></span> <span class='ocrx_word' id='word_1_363' title='bbox 150 2937 224 2979; x_wconf 83' lang='lat' dir='ltr'><strong>subest</strong></span> <span class='ocrx_word' id='word_1_364' title='bbox 238 2937 312 2983; x_wconf 81' lang='lat' dir='ltr'><strong>aliqua</strong></span> <span class='ocrx_word' id='word_1_365' title='bbox 327 2943 392 2975; x_wconf 83' lang='lat' dir='ltr'><strong>causa</strong></span> <span class='ocrx_word' id='word_1_366' title='bbox 408 2936 553 2988; x_wconf 88' lang='lat' dir='ltr'><strong>dispensandi,</strong></span> <span class='ocrx_word' id='word_1_367' title='bbox 569 2938 705 2985; x_wconf 86' lang='lat' dir='ltr'><strong>permittitur</strong></span> <span class='ocrx_word' id='word_1_368' title='bbox 720 2938 820 2986; x_wconf 84' lang='lat' dir='ltr'><strong>episcopo</strong></span> <span class='ocrx_word' id='word_1_369' title='bbox 836 2939 974 2985; x_wconf 62' lang='lat' dir='ltr'><strong>dispensare»,</strong></span> 
     </span>
    </p>
   </div>
   <div class='ocr_carea' id='block_1_10' title="bbox 0 0 1074 3277">
    <p class='ocr_par' dir='ltr' id='par_1_11' title="bbox 0 0 1074 3277">
     <span class='ocr_line' id='line_1_42' title="bbox 0 0 1074 3277; baseline 0 0"><span class='ocrx_word' id='word_1_370' title='bbox 0 0 1074 3277; x_wconf 95' lang='lat' dir='ltr'><strong> </strong></span> 
     </span>
    </p>
   </div>
  </div>
 </body>
</html>
