2182 3277
154 173 183 222 98
280 193 314 223 10
327 187 561 230 Disannsnrroiiiuos
574 171 640 225 Aaou
653 192 818 231 nncnerrsrns
871 170 873 173 ’

156 300 223 356 1179)
234 300 273 355 (1),
291 301 388 345 Summa
402 300 549 346 Monacensis
561 302 601 357 (2),
619 303 715 348 Summa
728 302 869 346 Parisiensis
880 301 919 357 (3),
937 301 1003 345 Sum-

154 380 194 411 ma
218 368 246 409 de
270 368 420 411 matrimonio
446 367 742 423 Τ11101·0111(1210-17)(4),
783 368 867 410 Petrus
890 369 1006 412 Blesensis

154 433 232 487 (1180)
243 432 282 488 (5),
294 437 318 476 01
328 434 425 478 Summa
433 434 560 489 Anonyma
570 435 613 490 (6),
620 437 682 480 inter
692 449 750 491 quos
759 436 858 490 quidam
866 438 947 479 tamen
958 448 1005 497 cer-
1081 463 1084 466 -

153 503 178 542 to
191 501 276 542 certius
285 514 298 543 a
307 500 404 544 Summa
415 500 497 543 Rufini
509 504 614 556 pendent
625 502 666 557 (7),
677 504 714 545 vel
725 515 772 545 non
783 502 901 545 definiunt
913 502 1005 556 dispen-

153 567 275 617 sationem,
287 568 325 609 101
336 579 388 610 eam
400 571 496 610 sumunt
507 581 576 611 sensu
586 569 626 611 1110
638 570 715 612 latiori
740 581 786 623 quo
806 570 835 612 ad
845 569 886 611 illa
896 572 1004 622 tempora

152 632 231 677 iuerat
244 633 269 677 in
284 646 336 683 usu,
354 638 378 676 et
394 634 491 688 proinde
508 631 537 676 en
552 635 660 677 textibus
674 636 767 679 illorum
781 636 806 678 in
822 635 909 690 quibus
930 638 1004 689 agunt

153 701 181 741 de
198 700 373 754 dispensatione
390 713 466 755 pauca
483 702 566 743 deduci
583 696 682 756 possunt
711 703 772 746 circa
796 703 917 746 notionem
935 702 1003 747 stric-
1055 703 1058 706 ’

152 769 209 810 tam.
674 778 676 781 ’
774 783 776 788 “
846 824 847 827 ¹
938 778 944 809 ζ

107 844 108 847 ’
144 870 147 878 ,
182 833 228 875 Alii
245 838 272 876 ut
288 833 399 878 Sicardus
415 833 574 877 Cremonensis
599 838 623 878 01
646 835 779 878 Bernardus
796 834 925 891 Papiensis‚
944 836 1001 889 quin

152 901 314 944 definitionem
328 901 436 943 strictam
451 900 532 943 Rufini
548 899 657 951 referant,
674 902 728 943 huic
739 903 820 944 tamen
833 902 929 956 propius
941 914 1004 943 aece-

152 968 218 1016 dunt,
236 979 308 1021 quum
325 966 468 1020 dispensatio
486 967 614 1010 definiatur
630 982 643 1011 a
659 967 753 1010 Sicardo
770 968 882 1022 quidem:
898 968 999 1020 «rigoris

151 1033 298 1076 rationabilis
316 1033 435 1086 derogatio
445 1048 453 1071 n
465 1032 505 1087 (8),
524 1027 538 1076 a
553 1033 672 1077 Bernardo
690 1046 760 1076 nero:
778 1034 903 1077 «canonici
919 1035 1002 1087 rigoris
1077 1067 1079 1070 .

150 1099 263 1143 relaxatio
272 1112 313 1153 pro
323 1099 402 1154 aliqua
413 1099 548 1143 rationabili
561 1113 632 1143 causa
641 1116 649 1139 1)
661 1098 701 1154 (9),
726 1100 840 1152 Quamvis
852 1114 899 1143 non
912 1102 1001 1145 addant

150 1166 319 1211 relaxationem
335 1179 383 1208 esse
398 1167 557 1215 «casualem»,
575 1179 604 1208 ex
618 1167 723 1220 pluribus
737 1170 818 1210 tamen
832 1167 936 1221 ipsorum
950 1171 1001 1210 tex·
1018 1193 1021 1197 ‹

150 1233 215 1275 tibus
224 1235 291 1286 patet
300 1246 340 1274 000
350 1233 549 1287 dispensationem
559 1233 667 1277 strictam
678 1247 691 1276 a
700 1233 832 1277 mutatione
842 1234 898 1288 legis
907 1234 1000 1288 omnino
1043 1274 1046 1276 ,

153 1299 301 1351 distinguere.
604 1355 608 1358 ἢ

181 1364 227 1406 Alii
246 1365 353 1420 denique,
373 1366 414 1420 qui
431 1357 507 1407 fusius
526 1367 554 1408 de
573 1366 747 1420 dispensatione
767 1369 847 1419 agunt,
868 1367 999 1411 doctrinam
1065 1380 1067 1382 ’

150 1432 233 1475 Rufini
251 1435 388 1486 sequuntur,
407 1433 519 1486 illumque
537 1433 563 1476 in
581 1433 688 1487 pluribus
707 1435 734 1475 de
753 1433 824 1475 verbo
845 1435 875 1476 ad
894 1434 993 1477 verbum

149 1498 259 1549 referunt,
268 1502 296 1541 111
306 1498 405 1542 Ioannes
419 1498 564 1543 Faventinus
576 1498 630 1553 (10),
647 1500 744 1543 Ioannes
759 1499 880 1559 Hispanus
891 1499 1000 1554 (11),Η11·

223 1705 273 1746 Cod.
288 1703 327 1745 110,
341 1704 379 1747 lat.
393 1704 505 1752 Bamberg.
520 1714 565 1746 can.
580 1705 614 1751 38,
629 1707 654 1744 D.
671 1706 699 1751 II,
714 1708 746 1744 20.
762 1707 805 1744 Fol.
821 1708 862 1745 251.

223 1767 273 1802 Cod.
285 1772 324 1814 ms.
334 1765 373 1803 lat.
384 1766 466 1801 Monac.
480 1775 500 1800 n.
511 1764 585 1800 16084.
603 1797 606 1801 .

224 1823 274 1858 Cod.
288 1831 329 1858 ms.
339 1821 376 1859 lat.
389 1822 502 1864 Bamherg.
516 1830 562 1858 can.
576 1820 609 1863 36,
623 1821 645 1857 P.
662 1819 690 1863 II,
703 1821 734 1857 26.

222 1879 308 1914 summu
319 1878 343 1912 de
355 1877 495 1920 matrimonio,
506 1878 539 1913 ed.
551 1876 712 1920 Wunonnmcn,
723 1886 744 1921 p.
755 1877 788 1912 32.
863 1920 865 1922 Ι

222 1934 376 1979 effluentum
387 1934 440 1969 iuris
451 1933 559 1976 Canonici,
570 1934 602 1968 ed.
614 1932 740 1976 Rarnnaus,
750 1943 771 1978 p.
783 1931 807 1967 16
819 1940 865 1977 sqq.

221 1992 312 2034 Sinden,
324 1991 346 2026 in
357 1990 451 2033 A.K.K.,
463 1991 479 2025 t.
492 1990 517 2025 69
530 1989 641 2034 (1893)‚-p.
653 1990 700 2025 381.
754 2009 758 2020 -

199 2048 207 2092 )
222 2048 341 2090 Saracena,
355 2056 372 2083 0.
387 2056 411 2089 0.,
424 2054 444 2091 p.
459 2046 506 2089 6217,
519 2046 605 2082 videtur
618 2046 671 2083 haec
683 2046 745 2081 nimis
758 2052 838 2088 urgere.

177 2103 208 2148 (8)
224 2104 254 2140 Cf.
268 2104 318 2139 Cod.
332 2112 370 2139 ms.
384 2103 422 2140 lat.
434 2103 547 2146 Bamherg.
561 2110 615 2137 saec.
629 2102 694 2145 XIII,
707 2102 733 2137 D.
749 2101 823 2143 11,20.
837 2101 891 2137 mbr.
904 2100 940 2138 101.
954 2101 997 2144 740,

151 2160 222 2203 «Quia
234 2161 260 2194 de
272 2159 430 2204 dispensatione
442 2159 550 2202 sepissime
562 2166 630 2193 sermo
642 2158 735 2193 occurrit
746 2157 780 2191 hic
791 2158 925 2201 questionem
937 2158 962 2192 de
974 2166 998 2195 ea

148 2217 263 2255 Gratianus
272 2216 337 2251 latius
347 2215 444 2250 exaravit
453 2224 458 2256 ;
472 2215 563 2258 ideoque
574 2215 626 2258 qnid
637 2214 664 2248 sit
674 2213 802 2258 dispensatio
813 2213 930 2256 videamus,
941 2215 998 2248 unde

148 2273 238 2315 dicatur,
254 2281 295 2316 que
309 2272 394 2306 statuta
409 2271 565 2315 dispensentur,
580 2278 622 2314 que
635 2270 739 2307 inducant
754 2270 941 2314 dispensationem,
956 2278 998 2314 que

146 2329 273 2374 impediant,
284 2328 343 2362 cuius
355 2328 382 2362 sit
393 2327 520 2371 dispensare,
532 2327 590 2361 etan
602 2327 724 2370 dispensata
734 2335 747 2363 a
756 2319 904 2370 predecessore
913 2326 997 2371 possint

144 2385 254 2422 immutari
269 2394 282 2419 a
298 2391 425 2426 successore,
441 2383 487 2427 quis
504 2383 531 2417 sit
548 2382 637 2417 effectus
653 2383 843 2426 dispensationum.
860 2382 996 2427 Dispensatio

145 2443 177 2476 est
191 2442 264 2485 riporis
278 2439 412 2475 rationabilis
427 2439 535 2482 deropntio.
552 2439 636 2474 Dicitur
651 2439 780 2483 dispensatio
797 2433 931 2474 diversorum
943 2447 995 2483 pen-

145 2498 207 2541 satio,
218 2497 252 2534 vel
263 2498 347 2534 diversa
357 2505 370 2533 a
380 2496 448 2539 rigore
458 2496 564 2540 pensatio,
576 2496 597 2529 et
609 2496 641 2529 est
651 2494 755 2538 tractata(
762 2494 781 2539 1)
792 2504 804 2529 a
815 2495 953 2540 procuratore
963 2494 995 2532 ia-

144 2555 200 2588 milie
209 2564 215 2596 3
224 2555 278 2588 sicut
288 2553 344 2588 enirn
354 2551 508 2597 paterfamilias
518 2552 539 2587 in
552 2552 614 2586 domo
626 2552 713 2587 diversis
725 2552 808 2587 diversa
819 2551 897 2586 dividit
907 2551 928 2585 et
939 2559 995 2585 com-

142 2611 226 2656 pensat,
238 2610 268 2644 sic
278 2610 343 2645 iudex
354 2609 375 2644 in
387 2607 464 2643 iudicio
476 2616 579 2652 personas
591 2604 613 2642 et
624 2616 699 2646 causas
711 2609 733 2642 et
744 2606 832 2645 consilia
844 2607 934 2642 discrete
946 2616 994 2642 con-

143 2668 222 2705 siderat
230 2679 244 2702 n,
463 2692 464 2695 ,
688 2667 689 2670 ’

169 2723 200 2768 (9)
215 2721 317 2758 Bernurdz'
333 2720 445 2765 Pupiensis
463 2719 575 2756 Fuoenlini
591 2720 683 2765 episcopi
700 2719 786 2755 Summa
800 2718 947 2762 Decretalium,
959 2720 992 2756 ed.

144 2780 169 2815 E.
180 2779 318 2820 1101111100,
327 2786 349 2822 p.
359 2776 406 2813 254.

170 2834 214 2880 (10)
230 2836 279 2871 Cod.
290 2843 331 2870 ms.
344 2835 380 2870 cit.
392 2832 428 2868 101.
440 2833 484 2876 491,
495 2831 534 2870 col.
548 2832 574 2870 ,1.
588 2873 592 2876 ,

169 2891 213 2938 (11)
229 2892 278 2926 Cod.
289 2899 328 2927 ms.
339 2891 375 2927 cit.
386 2889 422 2927 101.
434 2889 490 2932 1021,
500 2888 539 2927 col.
551 2890 561 2939 1
571 2898 577 2931 ;
587 2888 615 2933 gl.
625 2890 654 2928 ad
664 2889 715 2927 dict.
726 2888 786 2928 Grat.
796 2898 816 2924 a.
828 2896 845 2925 c.
856 2887 876 2933 6,
887 2887 928 2933 (1.1,
938 2899 959 2934 q.
970 2887 990 2926 7.
