2139 3277
216 191 399 228 aaaenorarunn
409 191 443 227 'DE
450 175 576 228 ¹'ruur'rro‘uo
587 190 829 227 Decnnrntr'sranon
917 176 960 222 rei

86 329 88 332 .
120 303 233 354 Ulterius,
256 304 281 348 in
302 304 351 354 fine
366 304 437 348 huius
453 305 551 359 periodi,
568 304 647 359 magni
663 303 775 359 ponderis
790 302 838 345 ruit
854 298 960 342 doctrina

92 370 253 424 theoloqorum,
265 371 406 424 praesertim
418 370 440 414 S.
453 370 473 412 T
473 371 565 414 homae.
578 371 689 426 Theologi
701 371 765 415 enim
776 368 903 416 materiam
915 366 963 408 dis-

91 436 259 492 pensationum
272 439 381 481 tractant
394 438 465 480 modo
479 437 550 479 valde
565 437 665 480 diverso.
693 438 835 482 Canonistae
858 434 963 489 arguunt

32 518 34 520 ·
92 517 121 547 ex
133 495 241 545 tentibus
253 503 317 551 iuris,
331 504 436 557 theologi
448 503 496 546 iere
509 503 578 546 unice
591 516 620 545 ex
631 504 731 553 ratione,
746 517 771 546 eo
786 506 874 547 eventu
897 499 963 543 utin

93 569 201 624 pluribus
214 569 394 623 quaestionibus
408 570 467 612 duae
481 569 597 618 diversae,
609 569 656 612 imo
668 570 693 613 in
706 560 825 613 nonnullis
838 567 964 623 oppositae
1012 576 1014 579 ·
1045 565 1050 570 “

92 636 215 690 opiniones
235 634 353 677 oriantur.
374 635 424 677 Has
443 635 548 689 theorias
567 635 754 685 Archidiaconus
773 635 912 690 simpliciter
929 646 964 675 re·
990 642 992 645 ’

91 696 149 755 ἒβη)
159 701 257 745 Ioannes
267 700 375 745 Andreae
387 701 502 744 diiudicat
512 704 536 743 et
546 714 588 755 pro
599 704 666 755 parte
677 701 793 745 admittit.

122 767 143 810 3.
162 768 269 822 Denique
284 766 308 808 in
324 767 383 821 ipsis
396 768 501 809 materiis
515 766 597 820 quibus
611 767 709 821 speciali
721 767 787 809 modo
802 766 959 817 immorantur,

93 836 229 888 discrepant
245 834 415 878 Decretalistae
433 848 446 877 a
460 833 678 888 praedecessoribus
690 835 747 877 suis.
765 834 913 877 Decretistae
926 833 962 876 in·

92 902 197 945 tendunt
206 901 309 945 maxime
320 901 419 945 deiinire
431 901 639 955 dispensationem,
657 902 777 956 inquirere
787 902 815 944 de
825 901 875 943 eius
885 911 964 946 causa,

93 967 185 1009 obiecto
202 971 227 1009 et
243 966 338 1009 effectu.
357 967 532 1010 Decretalistae
547 967 737 1020 interpretantur
758 966 914 1017 textusiuris
940 966 965 1006 et

28 1050 43 1075 κ
92 1024 223 1076 intendunt
236 1034 327 1085 regulas
341 1033 464 1087 practices
478 1035 583 1075 statuere
598 1034 659 1075 circa
673 1045 742 1077 usum
756 1034 863 1076 validum
877 1035 902 1074 et
913 1030 964 1073 lici-

93 1102 147 1141 tum
167 1098 379 1152 dispensationum.
401 1098 458 1140 Inde
477 1099 549 1152 plura
567 1100 673 1143 referunt
692 1113 753 1154 quae
772 1100 981 1159 praedecessores⁸

93 1167 225 1208 docuerunt
241 1165 301 1207 circa
318 1166 440 1209 notionem
457 1165 667 1218 dispensationum,
679 1178 760 1209 eorum
771 1166 850 1209 varias
866 1164 962 1219 species,

91 1231 183 1284 regulas
201 1231 404 1291 interpretationis
423 1234 447 1273 et
465 1227 628 1275 cessationem.
647 1231 763 1276 Attamen
781 1231 897 1273 notionem
917 1230 963 1272 dis·

92 1293 240 1351 pensationis
253 1292 417 1341 a‘notionibus
431 1297 543 1341 connexis
556 1298 639 1341 melius
654 1299 813 1354 distinguunt,
828 1296 964 1350 accuratius

56 1414 60 1417 ¹
93 1363 256 1406 effectuseius
271 1363 416 1407 describunt.
448 1364 532 1406 Latius
546 1364 662 1407 evolvunt
685 1365 819 1409 doctrinam
833 1365 896 1407 circa
911 1373 964 1403 cuu-

93 1442 142 1471 sam
163 1431 193 1472 ad
216 1431 392 1473 concedendam
413 1431 616 1485 dispensationem
636 1432 785 1486 requisitam,
805 1432 831 1473 id
850 1430 962 1483 exigente

93 1497 162 1550 praxi
181 1496 339 1550 quotidiana:
357 1496 484 1550 inquirunt
501 1507 586 1551 nempe
605 1502 697 1552 quanta
716 1498 804 1541 debeat
822 1510 871 1540 esse
890 1508 963 1538 causa

93 1563 173 1617 quoad
188 1563 340 1606 validitatem
356 1566 381 1605 et
396 1563 526 1606 liceitatem
543 1564 726 1617 dispensationis
742 1577 772 1607 ex
787 1567 855 1618 parte
871 1563 964 1616 legisla-

93 1630 152 1671 toris
168 1630 208 1670 vel
225 1629 325 1671 aliorum
343 1630 384 1683 qui
402 1626 505 1683 praediti
523 1633 580 1674 sunt
597 1632 719 1684 potestate
736 1631 811 1683 legem
828 1628 962 1676 relaxandi,

94 1696 171 1749 qualis
191 1695 294 1749 cognitio
314 1708 399 1738 causae
418 1697 557 1749 praecedere
577 1696 664 1738 debeat
682 1697 847 1750 elargitionem
864 1694 963 1738 favoris.

94 1761 161 1804 Circa
173 1759 274 1802 diuersos
286 1761 373 1814 species
384 1762 492 1805 intimius
504 1763 622 1815 indagant
634 1775 664 1806 an
677 1763 709 1805 sit
722 1763 867 1817 dispensatio
882 1760 964 1804 debita

93 1831 117 1870 et
135 1841 165 1871 an
182 1828 258 1881 possit
275 1840 324 1870 esse
342 1828 426 1870 tacita.
445 1828 512 1871 Circa
530 1827 647 1877 obiectum,
665 1829 738 1872 variis
766 1824 963 1872 distinctionibus

93 1885 206 1947 mitigant
218 1894 334 1940 doctriam
355 1894 490 1947 rigidiorem
513 1886 717 1943 Decretistarum;
738 1895 892 1939 vehementer
917 1892 964 1934 dis-

93 1963 182 2014 putant
196 1961 258 2002 circa
272 1960 474 2014 dispensationem
488 1961 513 2004 in
527 1961 578 2002 iure
593 1963 699 2011 naturae,
715 1962 739 2004 in
754 1962 844 2015 legibus
859 1961 965 2014 quatuor

66 2081 68 2083 ,
92 2026 198 2079 priorum
220 2025 373 2068 conciliorum
395 2026 606 2075 oecumenicorum,
628 2027 653 2069 in
675 2028 761 2080 regulis
784 2027 813 2070 ab
840 2024 964 2080 Apostolis

93 2092 200 2134 statutis.
213 2091 313 2134 Addunt
324 2092 443 2146 quaedam
455 2092 596 2134 Decretistis
607 2092 656 2134 iere
667 2094 751 2147 ignota
763 2095 824 2136 circa
836 2091 964 2134 subiectum

94 2159 132 2199 cui
150 2158 295 2211 dispensatio
315 2157 412 2201 concedi
430 2159 513 2212 possit.
532 2158 640 2213 Denique
658 2161 720 2203 circa
739 2162 852 2201 auctorem
871 2159 966 2212 dispen-

94 2225 214 2268 sationum
226 2224 338 2268 methodo
351 2234 414 2267 nova
425 2226 574 2278 procedunt:
588 2227 644 2269 dum
656 2227 719 2270 enim
731 2226 879 2269 Decretistae
892 2237 965 2279 quae-

94 2286 285 2358 dam'principia
304 2291 420 2333 dederant
438 2292 499 2334 circa
518 2291 702 2336 fundamentum
719 2294 848 2346 potestatis
867 2291 963 2344 dispen-

94 2357 170 2405 sandi,
187 2356 359 2399 Decretalis‘tae
374 2359 458 2400 contra
472 2370 514 2412 pro
532 2358 629 2411 singulis
647 2358 760 2411 gradibus
778 2357 932 2404 hierarchiae,
951 2368 964 2397 a

94 2424 190 2466 Summo
206 2422 324 2465 Pontifice
339 2436 414 2477 usque
429 2425 460 2466 ad
474 2423 605 2477 simplicem
620 2425 797 2474 confessarium,
813 2425 961 2479 potestatem

70 2514 71 2517 =
94 2488 247 2543 dispensandi
264 2489 288 2532 in
306 2490 380 2532 variis
398 2481 504 2533 materiis
524 2489 620 2545 eiusque
638 2489 823 2535 fundamentum
843 2490 964 2532 conantur

93 2555 207 2599 stabilire.
945 2558 947 2560 ’

355 2743 395 2787 IV,
410 2765 441 2775 m
457 2743 549 2787 Diuisio
563 2743 633 2787 huius
645 2742 733 2787 Partis

125 2877 144 2920 1.
162 2877 200 2920 Ex
213 2878 347 2933 praemissis
362 2881 462 2931 apparet
475 2877 537 2921 ratio
552 2879 631 2922 curin
644 2878 689 2921 hac
713 2878 785 2921 Parte
800 2880 876 2923 acturi
890 2878 964 2924 simus

93 2945 121 2987 de
133 2943 239 2986 omnibus
251 2944 422 2993 Decretaiistis‚
435 2947 488 2987 tum
500 2944 676 2999 antiquioribus
688 2945 729 2999 qui
740 2945 823 2999 glossis
834 2947 883 2989 suis
895 2959 963 3002 orna·
