2139 3277
302 146 335 187 ee
354 147 548 190 nispensiuone
568 147 676 191 neon]
738 177 740 180 .
886 136 932 199 ,eoo

117 263 138 305 4.
156 264 292 316 Duratium,
303 266 332 307 ad
343 267 524 319 quaestionem«
534 269 615 309 utrum
625 266 691 319 Papa
701 265 777 318 possit
787 266 875 307 solvere
885 276 934 308 ma-

88 330 226 373 trimonium
241 342 281 383 per
294 331 368 375 verba
383 333 410 374 de
424 334 543 385 praesenti
557 326 731 381 contractum»,
748 331 887 385 simpliciter.
900 344 935 373 16-

90 396 166 438 11111111
182 397 211 438 ad
227 398 366 440 decretalem
381 396 510 440 Alexandri
527 388 578 447 III,
588 411 636 452 qua
651 398 762 446 decrevit,
779 401 806 439 ut
822 398 933 445 diximus,

61 462 63 466 “
90 474 202 515 sponsam
216 464 244 504 de
257 464 375 516 praesenti
388 475 435 507 non
449 464 574 516 cognitam,
589 477 649 517 quae
662 464 721 505 dicit
734 477 757 506 se
770 464 830 506 uelle
842 463 934 517 ingredi

90 528 231 581 religionem,
261 530 446 581 compellendam
461 543 509 572 esse
524 534 551 572 ut
565 530 628 573 inira
643 534 733 572 certum
746 534 841 584 ternpus
858 529 933 583 profi·
966 533 967 536 ’

90 597 175 644 teatur,
194 597 233 637 rel
250 596 334 638 marito
355 595 482 639 adhaereat
493 595 533 649 (i).

111 660 140 702 ’5.
158 661 268 703 Ioannes
287 660 463 710 1111116616111
483 662 604 705 additione
625 664 655 704 ad
674 662 798 715 Speculum
813 662 934 711 Durantis,

91 727 192 769 remittit
204 728 234 768 ad
244 727 449 776 Arclricliaconum,
461 731 485 769 et
497 727 609 769 Iacobum
619 727 772 781 Balcluini(2),
785 728 825 781 qui
837 739 938 781 sequun-

91 796 130 834 tur
140 794 251 837 Alanum.
278 792 315 834 Ex
332 793 372 835 illo
387 794 437 835 loco
451 797 532 837 tamen
556 806 603 837 11611
628 796 707 847 posset
721 793 816 846 probari
831 794 863 835 Io.
888 794 937 836 An-

93 860 159 914 dreae
172 859 235 902 idem
248 858 374 914 tenere-(3).
384 859 470 903 Contra
476 861 532 903 huic
540 861 659 904 doctrinae
665 860 731 902 illum
741 870 788 903 non
798 869 939 913 magnopere

90 925 176 974 iavere,
189 928 258 979 patet
269 929 321 967 tum
333 927 417 968 exinde
430 927 493 980 quod
505 930 599 969 textum
611 927 675 968 Petri
689 927 716 967 de
727 926 855 979 Sampsone
869 938 939 980 supra

93 993 193 1034 relatum
207 993 280 1036 etiam
292 993 342 1046 ipse
361 992 439 1042 affert,
456 990 510 1035 111111
528 1006 557 1034 ex
576 1006 602 1034 eo
621 994 684 1046 quod
704 992 746 1034 sul)
762 993 855 1035 influxu
872 993 939 1034 theo-

66 1114 67 1117 *
92 1059 204 1111 logorum,
218 1059 285 1099 reicit
296 1059 473 1103 distinctionem
482 1058 557 1103 Alani.
571 1058 640 1102 Dum·
648 1059 709 1101 enim
719 1059 756 1100 ille
768 1059 880 1101 docuerat
888 1071 938 1101 ma-

91 1125 231 1172 trimonium
252 1127 333 1167 ratum
353 1136 401 1167 non
422 1128 612 1167 consummatum
632 1124 773 1167 firmitatem
794 1125 897 1177 accipere
910 1138 939 1166 ex

93 1185 264 1234 constitutione
281 1191 406 1240 Ecclesiae,
427 1193 617 1235 consummatum
633 1194 714 1234 contra
735 1204 764 1232 ex
780 1191 829 1244 lege
845 1191 933 1239 divina,

93 1257 193 1299 Ioannes
209 1257 369 1309 improbando
388 1257 461 1298 dicit:
479 1257 562 1299 «Haec
580 1257 715 1298 differentia
732 1257 765 1298 316
781 1255 936 1309 improbatur,

92 1324 148 1377 quia
166 1324 353 1366 matrimonialis
372 1324 514 1373 coniunctio,
534 1336 594 1377 quae
613 1326 648 1365 est
666 1323 768 1376 essentia
785 1324 937 1373 matrimonii,

93 1393 116 1431 et
126 1389 264 1432 commixtio
278 1381 377 1432 carnalis
387 1388 502 1432 differunt
511 1390 573 1431 sicut
582 1402 630 1431 esse
640 1392 664 1431 et
673 1390 764 1442 operari
775 1402 780 1437 ;
790 1393 813 1431 et
823 1401 875 1431 cum
885 1402 939 1443 ope-

94 1456 154 1498 ratio
167 1457 199 1497 rei
212 1457 347 1509 dependeat
355 1456 384 1498 ab
395 1457 470 1509 ipsius
481 1469 536 1504 esse,
549 1466 602 1509 ergo
615 1469 628 1497 a
639 1468 685 1509 quo
713 1457 829 1508 dependet
841 1469 889 1498 esse
915 1460 939 1497 et

94 1523 206 1576 operatio,
225 1523 249 1563 et
264 1522 297 1563 sic
312 1523 331 1563 si
346 1523 525 1565 matrimonium
540 1523 619 1564 ratum
635 1523 722 1574 pendet
738 1535 752 1563 a
768 1522 939 1567 constitutione

94 1588 210 1630 Ecclesiae
223 1598 276 1642 ergo
289 1591 312 1630 et
325 1592 517 1633 consummatum
528 1601 533 1636 ;
557 1589 597 1629 sed
609 1588 667 1629 haec
679 1588 758 1640 opinio
772 1588 873 1629 destruit
885 1601 939 1633 con-

95 1666 193 1709 sequens
211 1655 259 1697 scil.
278 1655 341 1708 quod
359 1658 549 1697 consummatum
566 1664 613 1697 non
631 1655 718 1706 pendet
736 1667 749 1696 a
767 1655 938 1699 constitutione

94 1722 211 1763 Ecclesiae
224 1722 263 1763 sed
277 1734 290 1763 a
303 1720 369 1769 Deo;
383 1731 435 1774 ergo
450 1724 473 1762 et
487 1720 616 1762 destruitur
629 1724 653 1761 et
665 1722 813 1769 antecedens,
827 1722 890 1774 quod
903 1734 939 1764 ra-

93 1791 144 1831 tum
157 1802 170 1830 a
182 1788 232 1829 Deo
245 1789 369 1840 dependet,
382 1798 429 1829 non
442 1801 455 1829 a
467 1788 637 1829 constitutione
649 1787 767 1840 Ecclesiae
777 1799 785 1823 1
794 1786 834 1840 (4).

231 1932 241 1983 ξ
256 1931 276 1972 5.
294 1953 323 1961 —
340 1929 451 1972 Doctrina
467 1930 491 1971 de
507 1929 676 1983 dispensatione
693 1929 716 1970 in
732 1931 781 1970 uoto

40 2100 41 2103 Ἴ
124 2050 239 2092 Doctrina
260 2048 366 2092 Gratiani
387 2049 414 2090 de
434 2047 664 2102 indispensabilitate
683 2048 740 2089 iuris
760 2049 874 2092 naturalis
894 2063 934 2094 seu

39 2105 42 2107 ’
94 2118 274 2170 praeceptorum
288 2128 348 2169 quae
361 2117 386 2159 m
400 2115 461 2168 Lege
476 2118 499 2156 et
514 2115 641 2168 Evangelio
656 2115 814 2164 continentur,
846 2119 936 2160 occasio

94 2183 141 2225 luit
149 2182 296 2226 vehementis
306 2182 478 2226 controuersiae
487 2182 512 2224 in
521 2181 621 2225 materia
630 2183 747 2224 uotorum.

126 2249 145 2291 1.
163 2249 308 2292 Decretistae
325 2249 366 2303 qui
382 2249 443 2292 hanc
459 2247 620 2302 quaestionem
637 2251 740 2296 movent,
758 2251 845 2302 negant
869 2262 936 2303 posse
968 2281 971 2286 ,

95 2316 145 2359 11611
161 2316 358 2369 dispensationem
372 2316 396 2358 in
409 2317 467 2357 voto
482 2314 588 2357 absolute
602 2314 665 2357 facto
676 2314 717 2368 (5).
733 2313 874 2366 Generatim,
889 2317 936 2360 iac.

119 2498 148 2543 (1)
165 2499 313 2542 1366661166.
323 2511 346 2543 6,,
358 2501 370 2536 1.
380 2510 404 2544 c,
416 2500 425 2542 ξ
435 2500 446 2534 7
457 2509 462 2541 ;
471 2500 493 2533 61
502 2498 582 2535 additio
594 2497 624 2533 Io.
634 2497 744 2532 euenere
752 2498 780 2535 ad
788 2497 806 2534 11.
818 2498 830 2534 1.

118 2554 148 2599 (2)
163 2556 291 2591 Bennurnus
302 2557 328 2592 ad
337 2557 351 2592 1.
364 2556 396 2600 54,
409 2557 451 2591 Deo
461 2555 526 2597 nobis,
538 2555 559 2592 C.
570 2555 600 2588 De
610 2554 719 2599 episeopis,
734 2555 750 2590 I.
764 2555 782 2590 3.

118 2610 148 2655 (3)
163 2611 291 2656 Simpliciter
302 2613 359 2650 6111111
370 2614 398 2648 ad
408 2612 455 2647 illos
466 2613 563 2647 auctores
574 2610 674 2652 remittit,
694 2619 728 2644 eos
739 2618 778 2646 nec
789 2607 936 2654 approbando,

88 2674 131 2701 vnec
151 2669 307 2713 improband03
331 2670 352 2702 et
375 2678 400 2704 ex
424 2669 540 2712 modoque
552 2666 603 2701 alibi
614 2668 736 2711 opinionem
756 2675 816 2701 suarn
835 2664 938 2711 proponit

92 2725 183 2768 apparet
191 2722 234 2760 non
244 2730 305 2769 posse
314 2726 465 2769 argumentum
476 2724 557 2759 desumi
566 2730 593 2758 ex
602 2723 643 2758 hoc
650 2724 721 2765 textu,
730 2724 796 2767 prout
805 2722 857 2757 fecit
866 2723 937 2757 Fiun-

90 2781 190 2826 urente.

124 2835 154 2880 (l)
169 2837 258 2873 Novella
268 2846 346 2879 66111111,
358 2838 386 2875 ad
397 2847 414 2873 6.
427 2838 445 2880 7,
458 2837 485 2872 X.
499 2837 529 2871 De
540 2836 668 2870 conversione
679 2835 840 2877 coniunctorum,
848 2828 895 2877 lII,
907 2832 939 2872 32.

119 2891 149 2936 (5)
165 2893 195 2930 Cf.
207 2901 278 2938 supra,
289 2904 309 2939 p.
323 2892 368 2930 129.
