2139 3277
243 297 276 325 DE
293 297 431 326 eoruscare
447 292 610 328 nisreNsANm
627 296 798 328 EPISCOPORUM
914 282 958 327 aii

102 422 104 424 >
138 403 188 444 Imo
200 406 288 458 optime
300 407 422 449 contendit
433 407 467 448 Io.
480 407 606 449 Hispanus
616 420 649 449 ne
659 407 804 448 Peresecca
815 405 958 448 sententiam

101 465 243 523 'oppositam
256 468 349 515 fundari
362 473 386 515 in
400 485 475 514 errore
488 474 636 528 provenienti
649 484 679 514 ‘ex
692 472 751 515 falsa
763 470 961 525 interpretatione

108 536 229 579 decretalis
242 538 373 598 innocentii
387 538 525 593 lllRegula
539 540 600 586 cuim
613 539 646 580 ibi
660 528 961 591 expressa,aitrestringen-

109 604 138 645 da
150 607 185 644 est
198 605 227 646 ad
240 605 412 647 absolutionem
425 619 438 648 a
450 607 530 658 poenis
542 600 722 648 medicinalibus
733 607 805 657 prout
817 609 853 646 est
868 600 960 646 excom-

63 685 64 690 *
109 670 246 712 niunicatio.
259 670 311 712 Hac
322 672 350 712 de
361 683 437 719 causa,
452 672 519 713 addit
531 673 630 727 Ioannes
641 674 687 713 «ut
697 671 744 713 ista
753 671 854 717 macerie
863 670 961 723 plenius

63 774 70 796 ‚¹
108 736 237 789 explicetur
246 739 269 778 et
277 738 394 788 scholares
401 739 462 781 inter
469 739 513 780 has
522 740 580 780 duas
587 738 709 792 opiniones
718 727 765 789 non
773 736 956 783 confundantur,

64 798 66 800 ’
107 803 260 846 necessarium
273 806 309 844 est
321 804 442 848 ostendere
454 804 630 858 quibusmodis
643 804 825 859 dispensetur‚et
836 803 860 846 in
872 801 959 855 quibus

106 868 197 911 casibus
211 869 324 924 episcopis
336 869 436 912 facultas
451 871 601 925 dispensandi
615 871 763 919 coucedatur,
779 869 847 913 etsie
861 867 957 912 cuilibet

104 936 151 978 ista
164 936 264 977 materia
279 936 322 977 erit
337 937 407 990 plana
417 952 425 974 o
437 936 477 990 (1).

135 1130 165 1174 (1)
177 1130 264 1165 Summe
274 1139 336 1173 snper
349 1131 417 1165 titulis
431 1131 578 1173 Decretfflirmr,
591 1132 620 1166 ad
630 1132 665 1167 tit.
679 1132 709 1166 De
721 1131 777 1175 siliis
789 1130 958 1175 presbyterorum.

105 1200 112 1219 e
122 1188 243 1223 Taucredus
256 1186 278 1219 et
290 1187 378 1230 quidam
390 1186 426 1223 alii
439 1188 513 1222 dicunt
526 1188 584 1231 quod
597 1188 687 1232 quilibet
699 1189 812 1231 episcopus
824 1186 897 1232 potest
909 1194 958 1220 cum

105 1244 239 1278 sacerdotum
252 1241 301 1277 tiliis
316 1244 458 1286 dispensare...
481 1245 587 1279 Damasus
601 1245 656 1279 dixit
669 1245 807 1289 contrarium,
822 1252 871 1277 nain
885 1243 902 1276 si
914 1242 959 1276 iure

64 1339 66 1342 ,
105 1300 213 1334 communi
227 1299 348 1346 dispensare
361 1301 434 1343 posset
448 1301 558 1344 episcopus
573 1309 637 1344 quare
652 1301 778 1335 conceditur
792 1301 810 1334 ei
823 1298 958 1344 privilegium

65 1397 68 1399 ¹
105 1366 152 1390 curn
164 1356 265 1393 talibus...
280 1356 367 1390 Dictum
380 1356 467 1390 Damasi
479 1356 597 1401 approbo...
611 1357 667 1399 Quia
679 1365 741 1402 super
754 1357 901 1401 episcoporum
915 1355 957 1389 dis*

103 1412 265 1457 pensationibus
279 1412 361 1447 diverse
374 1413 423 1447 sunt
437 1413 541 1447 sententie
555 1413 701 1447 diversorum:
715 1413 846 1457 quibusdam
858 1412 956 1445 adseren-

104 1470 162 1504 tibus
171 1469 208 1503 scil
216 1469 253 1504 La.
263 1468 285 1501 et
294 1468 326 1503 Jo,
337 1468 359 1501 et
367 1468 409 1501 iere
418 1468 517 1503 omnibus
525 1470 622 1512 antiquis
632 1470 754 1514 episcopum
762 1478 824 1513 posse
834 1468 956 1512 dispensare

104 1526 234 1568 ubicumque
244 1525 353 1559 invenitur
364 1525 441 1559 in'iure
453 1524 609 1570 dispensatum,
622 1534 660 1560 nec
672 1526 689 1559 ei
701 1523 822 1570 specialiter
834 1525 955 1568 dispensare

68 1621 70 1623 ¹
104 1581 230 1626 prohibetur
240 1581 262 1614 et
270 1581 378 1616 inducunt
386 1590 423 1623 pro
435 1582 463 1622 se,
473 1581 529 1615 inira
541 1582 572 1617 De
582 1584 633 1616 seni.
645 1591 718 1617 excom.
731 1581 745 1614 b
754 1591 804 1625 uper
815 1581 841 1624 (c.
853 1581 885 1622 29,
897 1580 952 1628 XV,

58 1629 60 1632 ’
103 1638 145 1682 39).
155 1638 184 1672 Et
193 1639 221 1674 ad
231 1637 373 1682 decre[talern1
390 1636 455 1678 illam,
465 1635 521 1673 infra
531 1637 561 1671 De
572 1638 663 1679 indicite,
674 1638 703 1672 At
711 1638 730 1672 si
740 1638 810 1672 elerici
819 1637 845 1680 (c.
856 1637 874 1679 l,
884 1636 913 1672 X,
926 1635 953 1678 H,

104 1694 131 1738 1),
144 1702 185 1738 que
197 1694 249 1729 dicit
260 1694 369 1737 episcopos
379 1700 441 1737 posse
454 1693 608 1738 dispensarem
620 1694 710 1728 occultis
722 1694 744 1727 et
755 1694 873 1729 minoribus
885 1693 954 1726 crimi-

103 1746 171 1786 nibus,
182 1751 209 1786 R.
220 1750 300 1785 Verum
307 1757 354 1786 ,esse
365 1749 429 1783 etiarn
441 1750 457 1783 si
468 1759 531 1794 super
541 1750 582 1783 biis
592 1760 634 1785 non
644 1751 754 1785 invenitur
765 1750 920 1794 dispensatum,
931 1749 953 1783 in

101 1807 218 1842 minoribus
234 1806 290 1840 enim
305 1804 418 1846 adulterio,
435 1806 474 1841 nisi
490 1801 637 1851 dispensatum
652 1807 782 1847 inveniatur,
792 1815 834 1841 non
849 1805 952 1850 poterunt

102 1863 231 1907 dispensare,
246 1861 293 1897 aliis
306 1861 349 1897 scil.
365 1863 387 1897 P.
409 1861 495 1905 Yspano
510 1863 532 1896 et
545 1862 589 1896 fere
602 1863 700 1897 omnibus
715 1863 777 1897 novis
792 1862 915 1897 doctoribus
929 1862 951 1898 in

91 1919 231 1957 eontrarium
245 1918 393 1953 sentientibus.
410 1916 459 1952 Ideo
466 1912 529 1954 ‘hanc
543 1918 655 1953 materiam
669 1920 703 1953 hic
716 1919 800 1963 plenius
814 1918 949 1962 explicemus.

51 1969 53 1971 ’
101 1976 163 2011 Unde
176 1975 222 2010 dico
235 1983 283 2009 cum
295 1976 319 2010 P.
339 1974 403 2018 Yspa.
417 1974 462 2009 viro
475 1975 650 2009 excellentissime
663 1976 751 2010 scientie
764 1975 786 2008 et
798 1973 871 2009 sancte
883 1982 951 2007 recor-

99 2030 351 2075 dacionisepiscopumin
357 2030 432 2064 maiori
438 2029 796 2066 crimineadulteriolicetinveniat
803 2031 950 2074 dispensatum

81 2116 84 2118 Α
99 2088 139 2123 nisi
148 2087 241 2122 eiaiure
249 2086 370 2131 specialiter
377 2087 508 2122 concedatur
527 2087 649 2131 dispensare
658 2095 776 2132 nonposse.
791 2086 816 2121 In
832 2087 950 2121 minoribus

99 2146 173 2180 bene...
188 2143 219 2178 Et
230 2150 328 2187 expresse
341 2142 481 2178 contunditur
493 2143 599 2178 sententia
613 2143 751 2188 antiquorum
764 2151 802 2188 per
814 2143 837 2177 id
849 2143 909 2186 quod
920 2141 946 2176 le-

99 2200 156 2244 gitur
169 2194 240 2243 supra,
256 2199 285 2233 De
299 2199 358 2242 temp.
372 2198 438 2235 ordin.
453 2199 547 2234 Dilectus
560 2198 587 2242 (c.
601 2199 633 2241 15,
647 2199 674 2235 X.
690 2198 705 2241 I,
720 2199 761 2243 11).
786 2199 825 2243 Iria
838 2198 948 2234 decretalis

98 2256 161 2299 infra,
172 2256 246 2300 Nuper
256 2254 283 2299 (c.
295 2255 327 2298 29,
340 2255 367 2302 X.
377 2255 404 2297 V,
416 2254 450 2299 39)
462 2266 498 2299 que
510 2265 541 2290 eos
553 2255 670 2290 inducitur
681 2265 768 2290 errorem
778 2266 822 2292 non
832 2255 894 2291 iuvat
912 2263 947 2290 eos

99 2322 148 2350 nam
162 2312 261 2361 loquitur
273 2311 296 2346 in
310 2310 416 2347 sententia
430 2312 664 2354 excommunicationis,
679 2313 740 2360 cuius
755 2310 913 2356 exsecutionem
929 2313 951 2346 et

98 2369 254 2407 ahsolutionem
267 2377 311 2402 non
322 2365 391 2403 solum
404 2361 516 2413 episcopus
529 2369 643 2404 sedetiam
657 2368 746 2413 simplex
759 2369 855 2404 sacerdos
868 2369 890 2403 in
901 2369 949 2413 ipsa

98 2420 198 2462 ordinum
212 2419 333 2468 receptione
347 2425 445 2474 recipit...
461 2425 555 2469 Simplex
570 2426 668 2466 sacerdos
683 2426 740 2460 enim
755 2425 822 2460 habet
837 2424 908 2460 claves
923 2425 947 2460 li-

87 2482 163 2527 .gandi
173 2483 195 2515 et
206 2480 310 2529 soluendi,
334 2481 427 2518 maxime
438 2491 486 2516 cum
496 2473 573 2525 recipit
583 2480 661 2525 [simul]
672 2481 802 2519 ordinariam
813 2482 949 2519 administra-

98 2540 185 2579 tionem,
199 2540 247 2574 nam
260 2538 444 2574 excommunicare
456 2547 499 2573 non
510 2538 543 2572 est
554 2538 634 2573 ordinis
645 2538 732 2574 tantum
744 2538 781 2573 sed
792 2538 950 2574 iurisdictionis

99 2596 121 2629 et
128 2596 158 2630 sic
165 2595 276 2629 absolvere
285 2594 480 2631 excommunicatos
488 2595 583 2639 potest...
593 2595 648 2638 Ergo
659 2602 707 2628 cum
716 2594 829 2640 episcopus
837 2594 950 2631 absolven-

99 2652 120 2686 di
129 2646 328 2687 ‘excommunicatos
339 2650 470 2699 potestatem
483 2651 570 2692 habeat,
583 2648 608 2684 ut
620 2658 684 2695 supra
695 2651 812 2694 probatum
825 2651 863 2693 est,
877 2661 941 2695 quem

11 2723 13 2725 ·
58 2738 60 2740 ,
96 2708 150 2743 libet
161 2703 371 2743 excommunicatum
382 2706 492 2742 absolvere
503 2706 591 2751 poterit,
603 2706 642 2741 nisi
654 2714 867 2753 expresseacanene
878 2709 911 2743 vel
922 2711 949 2746 ab

97 2765 183 2799 bomine
198 2763 339 2806 prohibeatur
354 2756 375 2797 e't
391 2764 421 2798 sic
434 2762 532 2806 loquitur
548 2762 661 2797 decretalis
677 2763 751 2807 Nuper
760 2776 773 2797 n.
791 2764 829 2799 ills,
845 2764 895 2800 Vat.
913 2765 953 2802 lat.

34 2853 37 2858 ,
97 2819 179 2868 112343,
193 2818 229 2854 iol.
245 2815 426 2855 resn-Notetur
439 2819 505 2856 etiam
519 2819 589 2863 glossa
603 2827 712 2862 anonyma
725 2826 789 2864 super
803 2820 920 2856 Decretum
931 2824 953 2858 in

98 2877 135 2912 Ms.
146 2876 198 2913 Vat.
208 2876 309 2919 Borghes.
319 2874 358 2912 lat.
370 2885 389 2910 n.
401 2875 447 2910 270.
459 2876 487 2911 ad
498 2884 514 2911 c.
528 2875 560 2917 16,
572 2876 592 2911 C.
606 2874 622 2917 Ι,
633 2885 653 2918 q:
665 2876 683 2910 7.
695 2888 702 2906 e
714 2875 746 2910 Io.
759 2876 784 2909 de
796 2876 955 2921 dispensatione
990 2905 991 2908 ,

99 2932 191 2977 episcopi
207 2932 260 2966 dicit
274 2933 332 2975 quod
346 2932 475 2976 ubicumque
490 2941 532 2966 non
547 2933 580 2965 cst
593 2931 702 2976 prohibita
718 2932 850 2975 dispensatio
865 2935 957 2978 possunt

100 2982 309 3033 dispensare....lHo'c
323 2995 372 3023 vero
388 2997 432 3023 non
447 2988 507 3022 credo
523 2996 568 3022 esse
582 2996 664 3028 verum,
680 2987 740 3023 salva
754 2989 825 3031 gratia
841 2988 869 3025 Io.
888 2989 955 3026 Immo

100 3045 161 3081 credo
175 3044 235 3089 quod
245 3043 372 3089 intelligitur
383 3044 493 3090 prohibita
505 3044 545 3079 nisi
555 3042 666 3080 invenitur
677 3051 784 3088 concessa,
797 3045 846 3089 quie
858 3055 904 3083 cunr
915 3047 958 3082 dis·
977 3088 979 3092 ⁸
1033 3046 1035 3048 ’
