2182 3277
160 203 202 245 118
249 223 252 225 Δ
325 200 679 263 nnurseensarionmusnrun
690 211 855 243 uucnnrrsrns
904 188 907 193 ¹

121 375 123 379 Ι
158 332 239 362 causas
251 319 368 372 generales
382 318 478 361 ulterius
492 319 618 373 explicant,
633 319 681 361 sive
691 319 736 373 per
749 320 861 374 exempla,
876 322 904 362 ut
916 319 1000 363 Petrus
1034 318 1036 320 ’

86 427 92 431 ,
115 402 129 415 2
155 385 270 429 Blesensis
282 383 321 438 (1),
341 385 389 426 sive
407 383 455 438 per
465 384 663 440 enumerationem
683 398 804 429 causarum
822 387 845 428 in
872 387 953 440 specie,
973 390 1001 428 ut
1024 393 1026 397 ⁴

156 450 264 493 Sicardus
276 450 442 493 Cremonensis.
453 450 474 491 Α
484 450 583 493 Sicardo
594 452 655 494 enim
665 451 773 493 sexdecim
784 451 909 504 reseruntur
920 463 999 493 causac
1012 482 1014 484 .
1026 463 1028 466 ’
1046 492 1048 494 .

155 529 215 571 quae
234 517 432 571 dispensationem
452 517 584 558 inducunt:
603 534 611 555 1
621 518 752 575 necessitas,
771 518 868 567 utilitas,
888 518 1000 571 pernicies

155 582 270 631 ecclesiae,
287 583 385 625 evitatio
399 582 511 631 scandali,
528 583 626 626 scientia
641 587 664 625 et
679 580 741 627 bona
755 585 813 632 vita,
829 584 903 626 virtus
919 585 999 628 Sacra-
1030 626 1032 628 ,

154 647 236 696 menti,
252 649 354 701 dignitas
368 648 405 690 vel
420 648 534 704 potentia,
552 649 684 707 extrinseca
698 651 790 698 merita,
806 650 900 704 priuata
915 651 998 703 gratia,

154 717 218 758 aetas
231 706 316 763 senilis,
329 717 393 757 aetas
406 714 521 767 juvenilis,
535 715 669 762 multitudo,
684 717 835 764 consuetudo,
848 717 1007 774 0110111115101,Ἰ
1020 726 1023 729 ’

153 782 291 836 ignorantia
306 782 345 831 rei,
361 781 435 836 pietas
445 796 460 823 1.
475 781 519 823 Η15
533 780 647 825 sexdecim
662 782 737 824 causis
751 795 811 835 quae
824 783 938 824 inducunt
952 783 998 824 dis-

137 848 315 902 pensationem
338 850 488 901 opponuntur
507 846 596 900 septem
615 861 673 901 quae
692 859 743 890 eam
760 848 892 901 impediunt
902 847 943 901 (2).
962 848 997 889 Si·
1010 867 1025 886 μ

153 915 249 957 cardum
262 913 370 967 sequitur
383 913 477 956 Summa
489 912 616 967 Lipsiensis
627 912 661 966 (3)
671 916 695 954 01
709 912 849 954 Coloniensis
860 913 900 965 (4).
914 913 996 957 Glossa
1063 919 1066 921 “

153 979 270 1022 ordinaria
281 992 321 1020 5011
332 979 419 1032 species
431 991 553 1021 causarum
565 979 648 1032 allegat
660 976 699 1031 (5),
711 980 751 1020 sed
764 992 801 1021 eas
812 978 913 1027 reducit,
925 983 1001 1033 prout·
1058 976 1060 979 ⁴

150 1045 255 1100 plerique
267 1044 379 1093 fecerunt,
403 1046 432 1087 ad
457 1056 551 1087 eausam
574 1045 684 1087 utilitatis
708 1045 745 1087 vel
765 1045 916 1093 necessitatis,
940 1059 994 1088 nam

150 1111 220 1161 «haec
231 1114 255 1152 et
265 1111 340 1153 multa
349 1111 393 1153 alia
399 1113 497 1164 possunt
506 1110 613 1159 inveniri,
624 1122 683 1163 quae
694 1111 713 1152 si
723 1111 776 1164 quis
783 1111 995 1164 >diligenteratten-

150 1179 201 1226 dat,
214 1176 319 1219 inveniet
331 1176 410 1219 omnia
422 1176 464 1218 sub
478 1177 576 1219 articulo
590 1177 735 1219 necessitatis
748 1177 786 1218 uel
798 1177 908 1219 utilitatis
922 1179 997 1219 conti-

150 1243 224 1285 1101111.
782 1284 784 1288 .

179 1298 201 1341 4,
218 1297 275 1341 Fere
288 1311 368 1340 omnes
381 1311 474 1341 causam
486 1297 805 1352 1000151101111110011011001111,
818 1301 845 1340 ut
856 1299 934 1341 minus
946 1299 993 1342 iam

151 1377 225 1420 quarn
234 1368 304 1407 antea
312 1368 440 1419 provocent
449 1367 478 1407 ad
486 1365 648 1408 necessitatem
656 1364 694 1407 vel
702 1364 831 1408 utilitatem
839 1365 992 1415 communem,

152 1433 192 1474 sed
208 1432 338 1474 admittant
354 1442 444 1471 causum
460 1430 510 1471 boni
524 1431 617 1484 priuati,
633 1434 659 1471 ut
673 1433 741 1484 patet
763 1444 791 1472 ex
807 1430 917 1484 exemplis
932 1444 992 1484 quae

151 1497 260 1545 afferunt,
274 1499 298 1538 et
310 1509 339 1539 ex
350 1496 406 1550 ipsis
417 1497 494 1538 uerbis
507 1496 626 1545 adhibitis,
640 1509 692 1539 cum
704 1497 831 1549 loquantur
844 1497 871 1538 de
890 1497 992 1541 «idonea

151 1576 245 1611 causa»,
268 1564 295 1605 de
315 1562 468 1605 «rationabili
489 1575 560 1605 causa
569 1578 584 1610 1,
607 1564 635 1604 (10
655 1562 852 1618 compensatione⁴
864 1562 917 1604 utili
936 1565 993 1606 orel

150 1628 343 1672 commoditatis»
355 1625 395 1681 (6).
409 1627 481 1670 Ratio
495 1628 732 1680 huiusmitigationis
745 1628 769 1669 in
783 1630 863 1681 aperto
877 1631 927 1670 est:
943 1626 994 1671 Ru·

146 1696 209 1737 finus
224 1693 391 1738 restrictiorem
406 1698 516 1748 posuerat
531 1695 650 1738 notionem
666 1694 852 1747 dispensationis,
868 1694 992 1737 relaxatio-

147 1773 200 1805 nem
212 1773 296 1816 nempe
308 1760 363 1813 legis
374 1760 398 1802 111
410 1773 464 1803 casu
476 1760 620 1814 particulari.
634 1759 690 1803 Cum
702 1761 748 1803 iam
761 1774 774 1802 a
786 1756 881 1801 notione
892 1762 987 1814 propria
1045 1754 1047 1757 Α

173 1956 203 2001 (1)
219 1956 331 2000 Speculum
343 1957 396 1992 iuris
407 1959 508 2001 canonici,
520 1968 541 2004 p.
554 1959 623 1995 20-24.

174 2013 203 2057 (2)
219 2013 269 2049 Cod.
284 2022 321 2050 ms.
336 2014 371 2050 cit.
385 2014 421 2050 iol.
436 2015 481 2052 149.
494 2026 501 2044 1
514 2014 616 2050 Similiter
628 2014 696 2052 multa
704 2014 745 2052 alia
753 2014 804 2048 sunt
814 2022 868 2058 quae
874 2014 995 2058 impediunt

147 2069 342 2113 dispensationem:
357 2071 471 2108 enormitas
484 2079 609 2115 personae...
625 2070 739 2108 enormitas
753 2061 910 2114 101...ρο11110105
924 2078 994 2105 exem-

146 2125 196 2168 pli...
210 2125 296 2159 honoris
308 2126 420 2164 ambitio...
434 2128 517 2171 peccati
531 2127 685 2164 continuatio...
699 2126 755 2170 rigor
769 2126 882 2163 canonicae
901 2126 992 2170 discipli-

145 2188 206 2218 nae...
222 2180 347 2218 scandalum
357 2177 488 2219 Ecclesiae...
504 2183 573 2221 multa
587 2184 657 2218 adhuc
670 2182 726 2216 forte
740 2181 782 2219 alia
795 2181 882 2225 possent
895 2181 1000 2230 inveniri„
1040 2193 1041 2196 ¹

146 2237 204 2280 Quae
214 2236 231 2270 si
240 2237 287 2280 quis
296 2238 395 2272 accurate
405 2238 523 2272 consideret
531 2239 560 2273 ad
569 2238 718 2273 enormitatem
731 2237 866 2281 velexempli
877 2234 1000 2282 perniciem⁴

82 2283 89 2287 ”
145 2293 201 2327 dicet
211 2301 235 2327 ea
245 2291 340 2327 10101111.

171 2347 201 2392 (3)
217 2347 267 2384 Coti.
278 2357 316 2384 ms.
328 2349 363 2384 cit.
374 2348 410 2384 fol.
422 2349 474 2385 1031.
488 2368 516 2374 -
530 2349 554 2385 In
564 2350 604 2387 hae
613 2349 743 2385 tractatione
754 2350 779 2383 de
790 2349 946 2393 dispensatione
958 2349 988 2386 Io.

144 2404 253 2448 Hispanus
264 2405 308 2438 tere
319 2405 345 2440 de
356 2401 420 2440 uerbo
432 2407 460 2441 ad
470 2406 561 2441 uerbum
570 2407 637 2440 refert
653 2406 739 2440 textum
751 2405 832 2440 sicardi
842 2405 876 2440 vel
886 2405 968 2441 Rufini.

169 2459 199 2503 (4)
216 2460 266 2496 Cod.
278 2469 316 2496 ms.
329 2461 364 2496 cit.
376 2460 412 2497 fol.
424 2461 456 2497 33.
468 2462 508 2496 Pro
520 2463 622 2497 methodo
633 2471 676 2504 sua,
689 2461 739 2505 quia
750 2461 850 2498 materias
862 2461 927 2504 magis
939 2469 988 2504 syn-

141 2516 221 2550 thetice
227 2517 426 2560 proponit,Summa
435 2517 563 2553 Coloniensis
571 2526 645 2556 causas
652 2527 664 2553 a
672 2517 774 2553 Gratiano
780 2515 857 2553 allatas
864 2517 974 2557 enumerat
983 2527 995 2559 3.

140 2579 217 2615 easque
225 2572 279 2607 tunc
288 2572 411 2616 singillatim
422 2574 515 2617 explicat
525 2581 563 2617 per
573 2575 646 2608 textus
654 2573 793 2617 antiquorum
801 2572 987 2609 laurentianum.

167 2627 196 2671 (5)
214 2627 246 2663 Gi,
256 2628 299 2662 ord.
310 2628 337 2664 ad
346 2638 366 2664 v.
375 2629 484 2675 plerisque,
493 2638 510 2665 c.
520 2630 539 2671 5,
549 2630 570 2665 C.
582 2629 596 2672 Ι,
606 2640 626 2674 q.
636 2630 653 2665 7.
843 2623 845 2627 ’
999 2658 1001 2660 ,

166 2682 195 2726 (6)
211 2683 241 2719 Cf.
257 2692 328 2727 supra,
343 2692 363 2727 p.
381 2684 412 2720 84.
437 2684 526 2719 Ioannes
540 2685 651 2729 Hispanus
674 2684 748 2719 scribit
761 2684 790 2719 ad
804 2693 824 2719 v.
853 2683 983 2727 disciplina:

108 2773 110 2778 ,
138 2751 145 2768 e
155 2738 206 2773 haee
216 2740 410 2784 auternfrangitur,
421 2741 447 2774 ut
456 2742 473 2775 si
482 2741 563 2784 passim
572 2743 594 2775 01
604 2742 647 2777 sine
658 2740 742 2776 delectu
753 2739 893 2783 dispensetur.
914 2739 985 2783 Quan-

138 2794 207 2837 doque
215 2788 328 2839 frangitur,
338 2797 467 2840 qnandoque
475 2798 616 2841 temperatur,
626 2798 650 2833 ut
659 2798 676 2831 si
684 2796 742 2831 iusta
752 2804 815 2831 causa
825 2794 927 2829 suadente
937 2803 986 2831 eum

136 2850 207 2893 aliquo
219 2841 359 2894 dispensetur.
372 2852 449 2897 Frangi
459 2862 502 2892 non
513 2853 583 2899 debet,
594 2853 709 2898 temperari
719 2851 792 2897 potest
800 2864 814 2886 1,
836 2851 885 2887 Cod.
897 2859 935 2887 ms.
948 2852 983 2889 cit.

134 2905 170 2946 iol,
186 2906 229 2944 421⁷.
