2139 3277
382 163 469 202 aunxis
483 163 653 202 ariscoioau'u'
797 183 812 191 «-
960 145 990 199 61

133 276 251 320 unitatem
267 276 383 320 Ecclesiae
399 275 493 320 firmare
509 281 533 319 et
549 278 679 345 primatum
695 275 725 318 R.
742 275 866 320 Pontificis
883 275 988 319 stabilire

136 343 231 396 satagit.

122 446 123 449 ,
166 409 185 450 1.
202 408 268 451 Prior
281 409 404 463 propensio
418 409 489 451 variis
502 379 613 451 entactis
628 412 733 463 apparet.
741 409 917 463 Saepesaepius
929 408 988 462 epis
1004 408 1006 410 ’

135 475 186 529 copi
199 489 212 517 a
224 476 253 517 R.
266 473 383 517 Pontifice
395 479 481 528 petunt
494 476 701 529 dispensationem,
713 477 751 518 vel
763 477 825 528 apud
836 477 903 519 illum
915 477 989 520 inter-

87 541 90 544 ’
134 547 228 595 cedunt,
249 549 278 587 ut
298 539 348 588 aliis
370 546 557 599 dispensationes
578 546 737 589 concedantur
749 545 789 600 (1)
811 546 947 590 Tendunt
941 547 987 600 ipsi
1041 572 1042 576 =

136 611 237 654 Romam
256 612 285 654 ad
301 601 352 654 illas
371 611 511 655 obtinendas
524 611 563 678 (2),
582 612 632 654 sive
650 624 691 665 pro
710 625 740 662 se,
759 612 808 654 sive
825 624 866 665 pro
885 609 935 655 aliis
947 611 988 666 (3),

79 699 81 703 =
139 678 177 719 vel
193 678 300 723 subditos
316 678 417 720 mittunt
433 674 543 722 Romam
551 679 580 721 ad
595 679 647 721 illas
664 679 778 732 petendas
790 677 831 732 (4)
850 678 906 727 Imo,
925 679 988 732 quod

137 741 257 787 maiorisi
248 746 363 801 momenti
381 749 423 794 est,
441 745 478 787 ins
496 746 671 801 dispensandi
665 745 694 787 R
713 744 836 787 Pontificis
854 756 989 798 supremum

8 814 11 818 ’
70 853 72 855 ,
137 811 196 852 etin
207 810 313 864 pluribus
325 811 430 853 materiis
442 811 588 853 exclusivum
599 812 725 865 praecipue
737 815 873 864 agnoscunt,
886 811 988 864 petendo

136 875 165 917 ab
176 876 214 918 illo
224 876 349 919 facultates
361 877 511 930 dispensandi
522 876 562 931 (5).
575 876 675 919 Celebris
686 880 721 918 est
731 876 831 919 facultas
839 888 911 930 quam
919 876 989 919 Sanc-

134 946 174 985 tus
190 943 313 986 Anselmus
330 942 501 986 Cantuariensis
518 944 653 999 obtinuerat
669 943 698 986 ab
716 943 819 984 Uussano
839 943 863 984 ΙΙ
874 942 909 998 ’(Γ.
922 942 988 996 1989)

137 1013 161 1051 et
178 1022 191 1051 a
206 1008 327 1051 Pnscaam
341 1008 364 1049 ΙΙ
379 1010 482 1062 petierat
497 1011 663 1057 renovandam,
681 1012 825 1062 potestatem
841 1021 924 1062 nempe
942 1010 988 1051 dis-

137 1076 251 1128 pensandi
264 1075 334 1117 variis
346 1076 371 1117 in
384 1076 487 1118 materiis
500 1075 541 1117 ubi
555 1076 645 1117 deesset
657 1080 752 1127 tempus
765 1075 917 1128 exspectandi
943 1088 989 1117 res-

136 1134 212 1195 cripta
223 1141 347 1194 pontificia
358 1140 398 1195 (6).
412 1141 544 1194 Respondit
554 1141 674 1199 Paschalis
686 1154 690 1181 :
703 1156 711 1178 Γ
756 1140 989 1192 tuaedeliberationi

137 1207 313 1257 committimus,
331 1212 358 1250 ut
373 1209 441 1251 iuxta
458 1209 540 1251 datum
555 1208 602 1250 tibi
617 1208 770 1256 intellectum,
794 1219 847 1250 cum
863 1206 987 1256 Ecclesiae,

135 1275 173 1315 cui
186 1275 332 1327 praepositus
345 1287 375 1323 es,
390 1278 459 1317 tanta
473 1275 598 1317 necessitas
613 1274 725 1326 exposcit,
740 1285 858 1316 sacrorum
871 1285 987 1316 canonum

135 1343 159 1382 et
174 1341 318 1384 decretorum
332 1339 506 1389 difficultatem,
521 1344 655 1394 opportuna
669 1344 692 1382 et
705 1340 840 1382 rationabili
853 1351 988 1393 compensa-

134 1407 199 1448 tione
213 1406 292 1448 valeas
306 1410 456 1460 temperare»
467 1406 506 1460 (7).
522 1405 608 1449 Postea
623 1418 710 1448 novam
725 1406 864 1448 facultatem
879 1405 986 1448 obtinuit

120 1500 121 1503 ,
136 1473 285 1526 dispensandi
297 1484 350 1515 cum
362 1473 496 1515 ordinandis
507 1472 635 1525 illegitimis
648 1476 671 1513 et
682 1471 737 1514 iiliis
747 1471 936 1525 presbyterorum
946 1470 986 1525 (8).

136 1538 259 1581 Ansclmus
273 1539 394 1592 episcopus
407 1539 586 1581 llediolanensis
599 1538 670 1592 petiit
682 1538 821 1581 facultatem
835 1538 986 1591 dispensandi

135 1617 188 1647 cum
203 1604 290 1646 clericis
305 1606 430 1647 simoniace
446 1606 560 1647 ordinatis
573 1604 613 1658 (9).
630 1604 707 1657 Hugo,
723 1604 910 1657 archiepiscopus
925 1604 986 1657 Lug-

133 1671 250 1717 dunensis,
265 1670 293 1713 ab
310 1669 404 1713 Urbano
422 1671 445 1711 H
459 1671 529 1724 petiit
543 1670 682 1713 facultatem
694 1671 843 1724 dispensandi
859 1682 911 1718 cum
926 1671 987 1712 ordi-

133 1738 195 1782 natis
208 1738 356 1790 abepiscopo
369 1750 415 1780 non
427 1738 520 1791 proprio
533 1736 586 1791 (16).

161 1944 191 1987 (1)
207 1943 237 1979 ot.
251 1944 310 1978 varia
323 1942 421 1987 exempla
433 1943 500 1978 citata
512 1944 570 1987 apud
582 1943 700 1986 Srmonaa,
713 1953 730 1980 0,
743 1953 766 1985 Γ,
779 1951 800 1987 p.
814 1942 853 1978 154
866 1943 920 1986 ,162,
935 1943 985 1987 202,

137 1999 176 2034 299
190 2000 211 2033 et
225 1998 270 2033 224
287 1999 417 2042 Consentanea
431 1999 593 2043 eccltstczstz'qnes
607 2000 629 2033 de
643 1999 705 2034 Puris
718 2009 754 2033 sur
769 1999 785 2033 le
799 2000 896 2043 murinae,
910 2000 926 2036 t.
944 1998 985 2043 ΙΙΙ,

136 2054 399 2155 Ι11)11150111153111115μ)
413 2121 436 2153 Γ,
452 2111 463 2146 l.
477 2121 500 2153 Γ,
513 2121 534 2146 11
548 2111 624 2153 1612
638 2111 755 2153 STIEGLER,
776 2120 794 2147 o.
807 2121 822 2147 Γ.
826 2119 864 2155 ‚p.
878 2111 923 2154 209,
937 2088 986 2145 239-

57 2208 58 2211 Ἴ
135 2165 176 2202 111
189 2167 211 2201 Γ
223 2166 269 2202 342.

163 2220 183 2263 (3

96 2294 98 2297 ⁴
162 2250 401 2322 (4)Τ11011135111113,0.
415 2277 466 2321 Γζ,1.
480 2289 536 2322 Γ.,11.
551 2279 582 2314 13.

161 2332 324 2378 (5)ST1Eoian‚
334 2343 351 2370 o.
363 2344 378 2370 Γ.
382 2343 417 2378 ,.p
428 2334 474 2370 343

161 2390 191 2434 (6)
206 2390 246 2435 Ep
262 2390 287 2424 42
303 2389 328 2424 od
342 2390 463 2425 Puscbalem
479 2390 530 2426 ΙΙ.
530 2391 595 2425 Peto
611 2398 648 2435 per
663 2390 771 2426 licentiam
786 2392 902 2428 vestram...
919 2396 983 2435 quae-

135 2446 185 2481 dam
193 2437 259 2490 prout
268 2446 416 2481 discretionem
425 2446 478 2491 1111111
487 2446 548 2482 dabit
558 2447 615 2481 Deus
624 2448 750 2491 temperare,
760 2448 817 2490 quod
826 2447 879 2491 petii
888 2456 900 2484 a
910 2447 982 2482 Domi

134 2511 161 2537 no
173 2502 233 2546 Papa
243 2502 336 2544 Urbano,
347 2502 424 2546 etipse
434 2502 539 2546 posuitin
550 2511 598 2537 mea
609 2502 783 2538 deliberatione».
795 2503 836 2545 PL,
847 2504 864 2539 t.
877 2502 922 2546 163,
943 2503 982 2540 col.

161 2614 191 2658 (7)
206 2613 328 2649 Pascnams
338 2612 360 2647 II
369 2621 401 2663 ep
411 2614 437 2649 43
448 2613 474 2647 od
482 2614 611 2651 Anselmum.
622 2614 663 2656 PL,
673 2616 689 2650 t.
701 2614 746 2657 163,
756 2613 795 2650 col
806 2614 867 2650 186.;
877 2628 885 2647 Γ
895 2615 982 2651 Caetera

135 2670 199 2705 etiam
213 2678 268 2714 quae
280 2671 302 2704 111
315 2677 379 2713 regno
393 2669 428 2704 illo
441 2678 479 2714 pro
493 2661 620 2712 necessitate
632 2672 754 2715 temporum
768 2670 911 2715 dispensanda
924 2672 981 2713 sunt,

133 2726 195 2761 iuxta
211 2725 283 2771 gentis
295 2725 421 2768 barbariem,
438 2726 500 2761 iuxta
516 2726 616 2762 ecelesiae
633 2726 806 2771 opportunitates
824 2727 939 2772 sapientiae
957 2735 982 2762 ac

133 2782 239 2826 religionis
253 2783 292 2817 tua
306 2781 425 2817 sollicitudo
441 2782 572 2827 dispenset».
589 2782 630 2825 PL,
649 2782 661 2818 1.
678 2792 701 2825 Γ,
717 2782 755 2817 Γο1.
772 2782 817 2819 191.

160 2837 190 2882 (8)
205 2837 247 2881 PL,
258 2838 275 2873 t.
288 2837 334 2880 163,
347 2837 386 2874 col.
400 2837 445 2874 107.

159 2893 189 2937 (9)
204 2893 321 2937 Samounis,
332 2902 349 2930 0.
361 2903 385 2937 Γ,
396 2903 417 2938 p.
429 2893 475 2930 342.

158 2947 202 2992 (10)
218 2949 278 2993 mid,
288 2948 367 3011 (1.336.
383 2966 414 2977 -—
430 2949 485 2985 Item
498 2949 536 2986 Ivo
548 2950 684 2987 carnutensis
698 2950 761 2995 petiit
775 2957 812 2995 pro
824 2950 981 2996 archiepiscopo
1056 2995 1057 3000 ¹
