2139 3277
233 319 266 348 DE
278 309 418 351 ΔΡΟΤΕὸΤΑΤΕ
431 320 595 351 DISPENSANDI
609 303 783 350 EPISCoPORUM
909 304 953 349 245

107 423 248 477 dispensatio
265 436 311 468 non
327 430 362 468 est
375 427 496 471 inhibita»
507 427 546 480 (1).
564 428 631 471 Hane
645 426 770 475 theoriam,
785 426 820 468 ita
836 425 955 478 dispensa-

105 489 164 534 tioni
177 491 202 535 in
215 501 298 544 genere
312 493 463 546 applicatam,
477 493 576 537 firmant
588 496 659 535 textu
673 493 784 546 Ulpiani:
799 509 807 531 1
818 502 955 535 concessum

103 555 202 598 videtur
215 559 279 612 quod
292 571 339 602 non
354 562 388 600 est
401 560 565 612 prohibitum»
576 559 617 613 (2).
632 560 745 602 Attamen
758 559 855 612 quidam
871 571 899 600 ex
909 557 956 598 illis

56 679 58 681 Υ
109 621 193 665 docent
203 625 264 668 hanc
275 625 378 677 regulam
389 628 447 668 tunc
458 625 554 669 tantum
564 638 632 678 posse
644 625 758 678 applicari
769 626 862 678 quando
875 627 955 666 occur-

105 688 136 728 rit
147 702 213 741 casus
223 700 322 745 proquo
336 691 478 749 dispensatio
490 702 536 736 non
547 692 594 733 fuit
604 691 725 745 prohibita
736 693 759 732 et
770 691 839 733 simul
849 691 895 734 iam
907 689 955 731 luit

107 755 134 795 de
145 755 208 798 iacto
221 769 330 799 concessa
341 758 364 799 in
377 770 431 799 casu
444 759 520 801 simili.
534 759 578 799 Isti
589 757 687 811 proinde
700 758 757 799 duas
770 757 891 809 opiniones
902 757 954 799 iun·

104 824 178 872 gunt:
193 824 293 875 priorem
307 836 354 877 qua
368 837 396 865 ex
409 815 567 877 prohibitione
581 837 622 877 pro
638 824 708 865 certis
721 822 811 875 legibus
823 823 888 865 lacta
902 834 954 865 con-

92 877 203 933 cludunt
215 891 244 932 ad
256 890 427 934 concessionem
440 891 566 943 potestatis
579 890 730 944 dispensandi
741 902 784 942 pro
796 889 954 935 5515155555-

104 953 168 996 sibus
181 965 227 1000 non
239 957 365 1009 prohibitis
375 971 380 1005 ;
395 958 500 1005 alteram,
515 970 561 1011 qua
573 974 581 995 1
591 970 632 1010 per
644 957 702 998 iuris
714 956 953 1010 interpretationem»

105 1023 236 1075 exemplum
252 1024 321 1067 unius
337 1024 519 1077 dispensationis
534 1036 657 1067 concessae
673 1022 827 1065 determinate
845 1022 953 1077 episeopo

104 1087 211 1131 sufficere
228 1089 314 1131 dicitur
331 1091 360 1132 ad
377 1091 549 1132 admittendam
566 1092 711 1142 potestatem
728 1089 889 1143 episcoporum
908 1088 953 1129 dis-

102 1156 216 1206 pensandi
234 1157 258 1199 in
277 1156 391 1199 similibus
402 1156 444 1210 (3).

130 1221 511 1264 1355555555Ρ5551ΕΝ51511555
524 1223 656 1267 doctrinam
670 1224 740 1277 uocat
753 1222 899 1265 communius
913 1222 954 1263 ad-

107 1287 212 1340 missam,
224 1289 265 1330 sed
278 1301 319 1341 pro
335 1301 375 1330 suo
390 1292 497 1342 tempore
510 1298 556 1332 non
570 1292 640 1336 recte,
656 1291 683 1329 ut
698 1288 780 1330 statim
795 1288 899 1331 dicemus
910 1287 952 1341 (l).

104 1352 164 1396 Nam
175 1355 310 1399 canonistae
321 1356 449 1403 coaetanei,
460 1348 604 1410 quamquam
615 1358 639 1396 et
648 1354 692 1408 ipsi
703 1363 749 1395 non
759 1366 850 1408 semper
859 1354 952 1408 dispen-

104 1420 218 1464 sationem
235 1421 263 1463 ab
281 1421 427 1464 absolutione
445 1421 600 1479 distinguunt,
618 1432 716 1474 eamque
733 1433 761 1461 ex
775 1433 819 1462 usu
835 1421 954 1464 constanti
977 1430 980 1434 ⁴

104 1486 174 1529 etiam
190 1487 388 1540 dispensationem
402 1491 498 1536 vocant,
511 1488 573 1531 hane
586 1487 702 1529 theoriam
716 1486 823 1535 reiciunt,
838 1487 894 1541 quia
909 1486 952 1527 dil-

80 1598 83 1600 ,
101 1552 201 1596 terentia
212 1555 274 1598 inter
286 1557 413 1608 utrumque
426 1558 506 1597 aetum
518 1555 575 1606 ipsis
585 1556 687 1607 ,apparet
699 1552 810 1596 notabilis
822 1568 826 1594 :
840 1554 954 1596 Innocen-

101 1618 150 1668 tius
162 1619 198 1660 Ill
211 1620 272 1663 enim
284 1632 331 1662 non
343 1620 446 1674 loquitur
470 1621 497 1661 de
524 1620 725 1673 «dispensatione,
750 1632 810 1673 quae
825 1619 900 1661 habet
912 1619 949 1660 ius

99 1686 255 1735 vulnerarent
268 1687 422 1736 communiter
435 1689 470 1728 est
482 1686 601 1738 prohibita
613 1701 621 1721 >r
631 1687 672 1727 sed
685 1685 733 1738 agit
747 1686 774 1726 de
783 1702 793 1726 1
802 1685 950 1728 absolutione

102 1750 130 1792 al]
142 1753 390 1801 excommunicatione,
401 1766 463 1806 qnae
474 1756 509 1794 est
518 1752 662 1800 favorabilis,
675 1755 698 1792 et
707 1764 748 1805 per
758 1764 829 1804 quam
839 1752 875 1793 ius
886 1762 948 1794 com-

100 1829 170 1859 mune
184 1831 231 1861 non
243 1819 400 1860 vulneratur»
411 1819 452 1871 (5),
468 1832 509 1860 seu
522 1831 582 1872 quae
597 1822 632 1860 est
645 1819 774 1861 seeundum
788 1818 831 1859 ius.

129 1884 150 1925 3.
167 1884 232 1927 Haec
242 1885 349 1927 doctrina
357 1885 420 1927 brevi
432 1885 527 1937 penitus
537 1885 647 1926 derelicta
656 1884 702 1926 tuit
712 1884 740 1926 ab
752 1884 886 1925 auctoribus
896 1883 950 1925 sub-

101 1951 261 2004 sequentibus,
274 1951 315 2005 qui
327 1952 426 1994 redeunt
439 1952 468 1993 ad
482 1951 612 1994 doctrinam
624 1949 689 1992 Petri
700 1950 822 1998 Blesensis,
834 1950 949 1991 Bernardi

99 2010 220 2070 Papiens'is
232 2020 255 2058 et
265 2017 330 2059 Petri
342 2016 448 2070 Hispani.
460 2017 580 2065 Attamen,
593 2021 649 2059 utut
661 2016 865 2062 derelicta,habuit
875 2016 950 2058 maxi-

100 2095 165 2126 mum
176 2083 301 2136 iniluxum,
314 2084 377 2136 quia,
388 2084 456 2125 iuxta
467 2084 605 2134 methodum
616 2087 674 2125 tunc
684 2085 830 2136 usurpatam,
844 2082 872 2125 ah
896 2095 949 2124 auc-

56 2197 60 2204 ,
99 2150 189 2191 toribus
202 2162 271 2203 saepe
282 2150 329 2199 fuit
342 2150 455 2193 recensita
466 2163 470 2197 ;
484 2162 556 2203 eaque
568 2151 604 2191 usi
617 2153 673 2192 sunt
685 2149 787 2203 episcopi
800 2149 881 2191 Curiae
905 2148 952 2190 Ro-

99 2228 182 2260 manae
195 2217 247 2269 plus
259 2217 337 2258 minus
349 2216 440 2265 infensi,
454 2217 484 2258 ad
498 2215 541 2269 sibi
553 2216 722 2260 vindicandam
736 2219 881 2268 potestatem
894 2228 951 2269 pro-

99 2283 174 2336 priam
189 2282 339 2336 dispensandi
354 2282 424 2325 etiam
439 2282 463 2324 in
476 2282 525 2323 iure
540 2283 665 2331 communi,
681 2281 823 2335 ubicumque
838 2282 945 2323 conditor

99 2349 154 2402 legis
165 2349 227 2391 hanc
238 2351 382 2401 potestatem
395 2348 438 2389 sibi
451 2348 581 2404 specialiter
593 2361 639 2392 non
652 2350 800 2392 reservasset.
813 2347 865 2390 Hac
876 2360 947 2405 prae-

126 2545 156 2589 (1)
172 2546 203 2580 Gl.
214 2546 260 2580 ord.
270 2545 298 2580 ad
307 2554 327 2579 v.
338 2554 379 2578 non
387 2544 483 2585 retinuit,
495 2553 511 2578 c.
523 2544 555 2586 29,
566 2544 593 2580 X.
605 2544 952 2579 1155555155εωεοιηιηιιηῑεαὶῐο-

99 2602 140 2643 nis,
151 2602 175 2644 V,
187 2602 219 2637 39.
231 2600 349 2636 Decretalis
360 2602 392 2634 cst
402 2601 454 2635 anni
465 2599 524 2635 1199,

126 2657 157 2701 (2)
172 2658 198 2693 D.
209 2658 241 2692 Ex
249 2657 324 2701 quibus
332 2657 408 2698 causis,
419 2656 454 2698 IV,
464 2656 483 2691 6.
494 2656 517 2690 L.
527 2656 559 2697 28,
571 2656 607 2699 52.
623 2689 624 2692 ,
721 2692 722 2695 ,

126 2713 156 2757 (3)
171 2714 203 2749 Gl.
214 2715 259 2749 ord.
270 2714 297 2747 ad
307 2722 323 2749 e.
335 2712 354 2753 -l,
365 2713 426 2753 X.De
437 2712 528 2753 iudiciis,
541 2712 598 2753 ΙΙ,1.1
614 2712 719 2746 vincente
730 2712 860 2746 concedente
871 2712 956 2756 dispen-

98 2770 203 2806 sationem
214 2770 318 2815 episeopis
330 2770 459 2812 ubicumque
471 2768 501 2802 eis
512 2777 554 2802 non
565 2768 676 2803 invenitur
686 2767 826 2812 prohibitum,
839 2769 861 2802 et
872 2768 954 2802 inveni-

98 2826 262 2870 tur'aliquando
274 2834 312 2870 per
323 2833 358 2859 eos
369 2824 435 2859 fuisse
448 2824 626 2868 dispensatumm
638 2823 685 2858 aliis
696 2824 754 2857 nouis
768 2824 851 2860 casibus
865 2825 950 2869 dispen-

98 2883 152 2916 satio
163 2883 192 2917 eis
204 2882 327 2917 nullatenus
338 2882 370 2915 est
381 2881 519 2915 concedenda
530 2891 546 2915 1.

126 2937 155 2981 (l)
170 2939 202 2973 Gl.
213 2939 258 2973 ord.
268 2938 297 2974 ad
305 2947 325 2974 u.
335 2936 359 2970 de
368 2937 487 2977 adulterim,
498 2945 514 2971 5,
524 2936 543 2977 4,
553 2936 580 2971 X.
592 2936 623 2970 De
631 2935 726 2976 iudiciis,
739 2934 766 2978 ΙΙ,
780 2934 797 2970 1,
861 2967 863 2971 ,

74 2984 76 2986 ’
125 2993 155 3037 (5)
170 2994 362 3036 Anonmmconus⁷
375 2992 445 3037 glossa
457 2993 486 3027 ad
499 3001 516 3026 c.
532 2992 563 3034 14,
579 2992 610 3027 De
624 2991 729 3032 electione,
745 2989 760 3033 I,
775 2990 794 3034 6,
808 2991 830 3028 15
842 2991 890 3029 Vl0.
