2139 3277
412 546 517 619 Plus
549 546 683 615 PRlllll

193 751 889 809 DaDrspnnsnrronrausaccrasrnsrrors

286 848 287 851 ’
328 871 444 923 usorrr:
456 872 501 913 AD
519 871 702 918 sannorum
718 871 756 918 1x

419 1228 660 1306 Pnunnornuim
705 1235 707 1239 ’

144 1380 230 1434 Agenti
241 1381 269 1422 de
279 1380 377 1423 historia
388 1381 590 1433 dispensationum
601 1375 641 1433 per
652 1378 730 1434 priora
750 1380 785 1422 IX
796 1382 887 1423 saecula
899 1381 970 1434 pluri-

115 1459 167 1490 mae
178 1447 351 1489 controversiae
362 1446 445 1489 obuiae
456 1450 519 1496 sunt,
532 1459 589 1500 quas
596 1446 703 1489 'breviter
713 1447 750 1489 hic
760 1459 925 1496 memoramus,
943 1460 970 1489 eo
1047 1461 1048 1464 ¹

115 1514 162 1556 line
175 1514 313 1566 praesertim
324 1516 352 1561 ut
364 1517 477 1566 appareat
489 1514 549 1555 ratio
562 1513 683 1568 divisionis
696 1514 778 1566 prioris
791 1514 882 1567 capitis.

144 1579 265 1628 lauciores,
275 1580 331 1622 inde
342 1593 355 1621 a
365 1580 456 1621 saeculo
468 1579 547 1628 XVII,
557 1579 603 1622 fere
614 1580 757 1623 unanimiter
769 1581 917 1633 distinguunt
929 1581 971 1622 du·
1014 1607 1016 1610 ·

116 1647 199 1700 plieem
213 1647 335 1698 periodum
350 1646 374 1688 in
389 1647 456 1699 praxi
472 1646 595 1695 Ecclesiae,
612 1659 711 1700 quarum
736 1647 836 1700 priorem
851 1660 925 1700 usque
941 1648 972 1689 ad

116 1726 174 1755 saec.
187 1712 224 1753 XI
236 1712 386 1766 protrahunt.
399 1712 483 1755 Petrus
496 1714 524 1754 de
535 1713 615 1755 lllarca
626 1714 716 1765 primus
728 1716 764 1755 est
786 1715 826 1767 qui
838 1713 898 1756 hanc
911 1714 972 1755 divi-

116 1780 205 1822 sionem
219 1780 331 1827 induxit;
345 1791 419 1832 *quem
435 1780 529 1822 secutus
546 1783 581 1821 est
597 1780 773 1828 Thomassinus,
792 1777 889 1835 qui'per
904 1780 971 1822 iacta

116 1845 227 1888 historica
238 1846 332 1888 abunde
344 1857 396 1888 eain
407 1845 507 1898 probare
519 1846 734 1900 conatur.Uterque
746 1847 876 1895 contendit,
888 1847 974 1898 impu--

116 1912 160 1954 mis
174 1912 301 1954 Ecclesiam
316 1915 372 1954 ante
385 1912 505 1954 saeculum
519 1903 560 1953 ΧΓ
569 1925 614 1953 non
629 1912 763 1958 concessisse
777 1915 839 1953 uerus
852 1913 971 1966 dispensa-

53 1972 59 1975 ”
118 1977 195 2026 tiones,
216 1970 256 2019 Sed
278 1977 437 2020 absolutiones
457 1982 560 2027 tantum,
592 1991 632 2020 seu
653 1978 774 2021 ecelesiam
796 1978 936 2022 abstinuisse
958 1992 972 2021 a

116 2037 233 2097 puniendo
247 2044 332 2086 delicto
347 2047 428 2086 contra
442 2044 516 2097 legem
529 2045 613 2098 posito,
628 2057 675 2088 non
689 2047 769 2087 autem
783 2045 972 2104 dispensatim&

117 2110 207 2160 deinde,
227 2113 281 2153 ante
300 2111 419 2153 saeculum
438 2110 475 2151 XI
494 2123 542 2153 non
560 2110 631 2153 luisse
650 2112 719 2153 datas
737 2111 924 2164 dispensationes
943 2110 973 2152 ad
1051 2103 1053 2106 ’

115 2175 251 2231 faciendum,
267 2176 327 2220 tales
342 2178 430 2219 scilieet
445 2178 531 2231 quihus
546 2181 654 2230 ageretur
669 2180 751 2220 contra
766 2177 846 2231 legem,
863 2179 903 2220 sed
919 2181 973 2221 tan-

116 2244 168 2286 tum
182 2244 370 2296 dispensationes
383 2255 409 2284 ec
421 2245 480 2297 posi,
494 2244 553 2286 tales
567 2256 650 2296 nempe
666 2243 752 2297 quibus
766 2248 832 2286 actus
846 2246 928 2288 contra
941 2244 972 2286 le-

116 2320 169 2363 gem
183 2310 255 2362 positi
269 2312 324 2362 post
338 2310 429 2352 factum
446 2322 494 2354 non
509 2310 711 2363 impugnarentur.
725 2309 848 2359 Boehmer,
864 2310 972 2367 textibus

117 2379 141 2418 et
156 2376 226 2419 iactis
243 2375 272 2418 ab
289 2376 334 2419 illis
352 2377 433 2419 allatis
458 2376 575 2425 admissis,
603 2377 702 2419 ulterius
732 2388 812 2419 eorum
839 2377 972 2419 doctrinam

116 2443 187 2485 variis
204 2444 349 2496 argumentis
365 2455 394 2485 ex
409 2444 501 2485 ratione
518 2442 624 2485 deductis
641 2442 745 2485 stabilire
763 2447 861 2486 conatus
877 2446 920 2492 est,
937 2443 973 2487 in-

54 2558 60 2560 „
117 2510 220 2552 sistendo
235 2510 259 2552 in
275 2509 399 2552 discrimen
414 2510 476 2552 inter
491 2509 583 2562 praxim
592 2508 711 2551 Ecclesiae
727 2509 825 2561 purioris
840 2512 895 2551 ante
911 2522 971 2552 saec.

117 2575 154 2624 XI
166 2578 189 2618 et
202 2577 294 2629 praxim
307 2575 427 2618 Ecclesiae
438 2576 566 2624 relaxatae,
579 2576 603 2616 in
616 2587 663 2628 qua
675 2575 786 2617 nimirum
799 2578 876 2617 aetate
889 2578 968 2628 poste-

107 2643 172 2684 riori
189 2641 217 2684 R.
231 2641 341 2694 Pontifex
357 2642 514 2695 usurpoutssei
540 2642 672 2695 potestatem
689 2641 852 2694 episcoporum,
881 2645 906 2683 et
925 2655 973 2684 sese

20 2695 21 2698 Ἰ
74 2722 75 2725 ’
118 2708 262 2751 exhibuisset
277 2709 399 2750 dominum
415 2707 566 2750 arbitrarium
582 2719 705 2752 canonum.
721 2707 759 2748 Ab
776 2709 821 2750 illis
836 2708 972 2751 auctoribus

117 2776 228 2829 pendent,
242 2787 327 2829 eosque
341 2778 472 2829 sequuntur
483 2774 534 2818 Van
545 2773 779 2827 EspenConje'rences
793 2775 972 2827 ecclesiosiiques

94 2887 95 2890 ,
118 2840 143 2883 de
153 2841 223 2884 Puris
236 2852 275 2883 sur
290 2841 310 2883 le
322 2841 428 2894 municipe,
444 2839 754 2890 Collet,Febr⁴onius,Casalis
768 2843 792 2882 et
803 2840 973 2900 Brandhueber

117 2919 165 2954 von
181 2905 311 2956 Etschield·
927 2923 928 2928 =
