2182 3277
171 262 200 309 50
246 279 280 308 DE
288 267 520 330 Dispensarroiuss‘ris
529 279 545 308 A
555 270 621 310 sanc.
632 281 648 310 x
657 273 689 308 Ab
698 272 831 310 Dausaron
841 274 957 311 andriani

125 429 131 434 ,
171 404 221 444 sam
239 391 294 435 boni
313 392 400 446 privati
419 405 485 447 posse
504 382 633 448 legitimare
652 385 818 438 relaxationem
836 395 861 439 in
879 386 935 448 iege.
961 393 1019 443 Aliis
1082 392 1085 397 ⁴

170 458 292 512 tamenin
310 458 373 508 locis,
394 459 611 504 ambo‘adhaerent
631 462 749 505 doctrinae
769 461 882 515 antiquae
894 461 934 515 (1).
955 460 1030 512 Quae·
1071 457 1073 459 ’

170 525 323 567 contradictio
335 525 429 567 videtur
440 526 532 579 signum
540 528 683 571 'mutationis
696 540 754 582 quae
764 531 822 571 tunc
840 528 953 581 temporis
965 539 1020 568 exo-

168 590 273 633 riebatur
289 592 314 634 in
332 592 469 645 disciplina:
488 593 566 646 praxis
584 594 647 636 enim
663 595 711 645 iarn
728 595 861 637 invaluerat
879 585 1019 637 concedendi

170 658 354 711 dispensationes
376 659 400 702 in
424 671 479 702 casu
502 660 638 713 particulari
667 660 696 701 oh
729 660 818 705 bonum
845 661 965 715 privatum
979 658 1019 712 (2).

169 723 231 766 Huic
241 725 308 778 praxi
319 725 449 768 doctrinam
460 738 526 769 suam
537 727 722 769 accommodant.

200 791 291 836 Docent
302 792 381 841 etiam,
394 793 523 835 secundum
535 793 666 835 doctrinam
677 796 804 846 receptam,
825 797 849 836 et
859 795 928 836 iuxta
938 795 1018 836 textus

170 859 280 912 antiquos
294 869 352 911 quos
363 858 482 908 invocant,
498 858 696 912 dispensationem
709 859 772 901 ultra
785 870 851 902 suam
865 872 959 903 causam
972 872 1019 902 non

146 921 257 982 'durare
267 927 290 966 et
305 936 404 968 canones
419 928 486 967 extra
501 937 579 967 casum
594 927 719 978 exceptum
741 925 765 968 in
779 925 859 979 vigore
873 938 966 969 manere
977 924 1018 979 (3).
1043 926 1045 929 '

106 986 107 989 ’
198 990 219 1033 5.
236 991 274 1032 Ex
289 991 360 1033 ivone
375 991 491 1045 quaedam
507 991 582 1033 adhuc
592 992 704 1034 vnotanda
717 992 827 1035 veniunt.
845 992 872 1035 In
886 992 967 1046 primis
981 1003 1020 1033 ex-

167 1068 244 1111 presse
254 1050 361 1099 admittit
369 1057 568 1111 dispensationem
578 1059 631 1098 onie
640 1057 729 1111 luctum
739 1070 792 1101 cum
802 1059 866 1100 dicat
876 1072 881 1099 :
890 1074 899 1096 a
909 1070 960 1100 eam
969 1069 1021 1112 pos·
1038 1110 1040 1112 Ι

167 1136 191 1165 se
204 1121 330 1176 praecedere
344 1124 484 1166 auctoritate
498 1124 700 1177 praesidentium»
712 1123 752 1178 (4).
767 1124 922 1179 Caeteroquin
937 1124 1019 1166 descri-

166 1189 203 1232 bit
214 1189 328 1244 duplicem
338 1191 435 1233 modum
446 1189 602 1243 dispensandi,
614 1202 684 1244 quem
693 1190 784 1233 indicat
793 1190 865 1233 verbo
883 1191 1000 1233 «tolerare
1010 1205 1018 1228 s

166 1269 196 1298 ex
211 1269 265 1305 una,
282 1256 433 1310 «dispensare
449 1257 487 1298 vel
502 1256 595 1299 iacere»
620 1270 650 1299 ex
665 1257 712 1299 alia
727 1259 801 1310 parte.
826 1257 919 1304 Primus
935 1258 1018 1299 modus

166 1326 202 1365 est
213 1322 352 1376 legitimatio
364 1322 421 1366 iacti
432 1323 457 1365 in
468 1324 594 1377 praeterito
606 1324 677 1376 positi
697 1326 779 1365 contra
789 1323 863 1376 legem
873 1337 879 1372 ;
899 1324 957 1366 alter
968 1336 1019 1377 per-

166 1389 243 1432 mittit
256 1388 281 1432 in
294 1388 469 1432 tuturo-actum
484 1389 541 1432 alias
557 1403 570 1432 a
585 1389 635 1442 lege
650 1388 803 1442 prohibitum,
819 1390 857 1432 rel
871 1390 1033 1433 omissionem
1082 1404 1083 1408 ¹

166 1459 233 1499 actus
251 1455 307 1498 alias
324 1455 433 1509 imperati
445 1453 485 1510 (5).
768 1504 769 1507 Ἰ
1044 1492 1052 1496 ,.

195 1522 270 1565 Usum
283 1522 486 1576 dispensationum
498 1522 611 1576 proponit
623 1534 676 1565 cum
686 1522 803 1565 Bernaldo
815 1521 855 1577 (d),
868 1522 895 1566 ut
907 1522 1018 1585 antiquis·
1082 1577 1088 1579 -

165 1704 209 1745 siae
219 1714 294 1752 pacem
306 1708 328 1741 et
338 1707 445 1743 unitatem
453 1720 467 1743 s.
480 1706 561 1742 Deinde
572 1707 661 1751 Algerus
673 1706 801 1749 Leserensis,
813 1707 960 1741 commentans
970 1715 1018 1752 pro·
1046 1712 1048 1714 ·

165 1764 238 1808 logum
248 1764 326 1806 lvonis,
334 1764 391 1798 bunc
398 1764 469 1798 locum
478 1764 576 1808 explicat,
585 1763 656 1800 varias
665 1771 738 1800 causas
746 1762 825 1807 privati
845 1763 896 1797 boni
915 1763 1017 1806 indicans,

167 1821 195 1855 ob
205 1829 257 1864 quas
268 1820 397 1864 dispensatio
407 1820 520 1864 legitimari
529 1821 602 1864 possit.
615 1819 709 1863 Insuper,
720 1819 822 1862 querelae,
833 1828 885 1863 quas
894 1819 964 1863 plures
974 1829 1018 1854 mo-

169 1878 228 1919 vent,
236 1876 396 1911 indicanthunc
409 1885 471 1911 usum
480 1876 653 1912 iaminvaluisse.
672 1876 701 1911 Ci.
716 1875 838 1917 Founnrrsn,
860 1885 905 1910 ac.
927 1875 1017 1918 R.Q.H.,
1041 1881 1043 1884 '

171 1933 223 1975 t.32,
233 1942 255 1977 p.
265 1932 298 1967 60.

194 1989 223 2034 (1)
241 1988 275 2023 Ita
289 1989 431 2031 Bassianus,
447 1988 492 2024 Lit.
509 1989 531 2022 de
546 1987 728 2022 excommunicatis
742 1987 840 2030 citandis,
858 1987 870 2022 l.
887 1997 909 2030 c,
925 1997 946 2032 p.
963 1987 1016 2022 118:

167 2058 174 2076 a
184 2045 297 2089 Nusquam
310 2045 346 2080 SS.
359 2044 433 2079 Patres
446 2053 514 2079 mores
526 2045 613 2088 gessisse
625 2044 731 2088 leguntur,
744 2043 784 2078 nisi
796 2043 832 2078 ubi
851 2043 899 2088 plus
911 2043 1017 2081 Ecclesiae

134 2126 135 2129 η
167 2101 323 2145 dispensatoria
341 2101 417 2136 lenitas
436 2110 501 2145 quam
520 2109 626 2135 canonum
645 2100 746 2136 severitas
764 2101 867 2144 proficere
884 2100 993 2135 videretur
1002 2113 1015 2136 s,

165 2157 212 2199 Ivo,
224 2166 256 2201 ep.
268 2157 293 2192 28
304 2156 355 2200 (PL,
366 2158 382 2192 t.
394 2157 440 2199 162,
452 2157 490 2191 col.
503 2156 549 2200 149)
560 2167 564 2191 :
576 2157 667 2200 «Neque
679 2156 734 2190 enim
746 2156 846 2190 damnose
856 2156 971 2200 aliquando
982 2165 1016 2191 ca-

165 2222 246 2248 nonum
256 2213 311 2256 rigor
319 2213 444 2255 remittitur,
455 2213 493 2247 ubi
502 2213 619 2247 multorum
628 2212 719 2246 utilitati
727 2211 851 2256 providetur
860 2224 874 2247 o.
885 2231 912 2237 —
920 2212 1001 2256 Ep.214
1011 2222 1016 2247 x

164 2269 346 2314 «dispensationis
357 2269 438 2312 modus,
451 2269 487 2312 qui
498 2268 550 2303 nulli
561 2268 682 2313 sapientum
694 2267 801 2312 displicuit
812 2267 899 2312 (pendet
909 2277 922 2303 a
934 2268 955 2303 S.
968 2268 1017 2311 Cyr-

163 2324 213 2360 rillo
227 2316 385 2369 Alexandrino),
401 2326 429 2362 ad
443 2325 547 2359 sedandas
554 2326 627 2359 tantas
641 2324 811 2368 perturbationes
825 2324 847 2359 in
861 2324 966 2368 aliquibus
979 2325 1017 2359 ad-

167 2382 286 2416 mittendus
301 2382 355 2417 est...
372 2380 396 2416 In
411 2381 605 2425 dispensationibus
620 2380 766 2415 ecclesiasticis
780 2381 816 2415 ubi
830 2390 873 2415 non
885 2381 1018 2425 periclitatur

166 2438 218 2475 fidei
232 2438 317 2479 veritas,
333 2439 355 2472 et
370 2446 454 2473 morum
468 2438 575 2480 honestas,
591 2437 697 2481 quaedam
710 2436 811 2471 instituta
823 2437 942 2481 temperare
956 2437 1018 2472 debe-

162 2503 216 2537 mus,
231 2495 256 2529 ut
271 2493 339 2529 tantis
354 2493 461 2529 Ecclesiae
487 2494 553 2528 ruinis
567 2494 681 2530 subvenire
694 2493 826 2529 valeamus».
850 2493 879 2528 Ci.
894 2493 1017 2527 Tuorrassr-

160 2560 210 2593 nus,
219 2560 236 2586 o.
246 2560 269 2593 a,
277 2560 295 2586 c.
304 2550 336 2592 69,
346 2559 365 2585 n.
375 2551 392 2585 1.
616 2550 618 2553 ’

194 2606 224 2651 (2)
240 2606 269 2642 Ci.
282 2606 345 2648 inira,
357 2616 377 2651 p.
391 2607 423 2642 63.
1015 2636 1016 2639 ,

192 2662 222 2706 (3)
237 2662 279 2697 Eas
291 2654 401 2706 comparat
416 2662 454 2698 Ivo
468 2670 516 2696 cum
529 2662 719 2697 constitutionibus
731 2662 781 2696 iuris
793 2661 889 2704 romani;
903 2661 929 2697 ci.
943 2669 1013 2706 supra,

161 2727 183 2762 p.
193 2717 219 2753 48
229 2719 250 2752 et
258 2718 399 2761 Bannannus,
412 2719 424 2754 t.
435 2728 458 2760 c,
468 2727 489 2762 p.
501 2718 538 2752 119
549 2728 553 2752 1
574 2719 649 2762 «quod
658 2709 772 2762 aliquando
782 2718 905 2753 conceditur
914 2719 1013 2763 tempori,

160 2773 250 2808 utilitati
259 2774 280 2808 et
289 2775 416 2817 necessitati,
426 2774 567 2811 universalem
575 2784 618 2810 non
626 2775 722 2819 possidet
730 2774 856 2809 firmitatem
864 2787 878 2809 i.

192 2830 221 2874 (4)
236 2830 305 2865 Minus
316 2831 372 2865 recte
382 2831 478 2875 loquitur
488 2830 576 2875 proinde
586 2831 682 2873 Essiam,
703 2840 720 2865 o.
732 2840 755 2872 c,
766 2840 787 2874 p.
800 2830 845 2872 121,
857 2830 942 2874 quando
953 2830 1013 2865 attri-

162 2885 212 2920 buit
225 2885 285 2921 lvoni
297 2887 415 2922 doctrinam
429 2887 597 2932 dispensationis,
616 2887 670 2922 acsi
683 2887 737 2921 esset
755 2894 813 2930 runc
824 2884 941 2930 repression
954 2886 1014 2921 disci-

158 2941 270 2986 plinaire».

187 2997 218 3043 (5)
231 2997 288 3033 Prol.
296 2998 407 3043 adiiceret,
418 3000 430 3036 l.
439 3010 462 3043 c„
470 2999 509 3036 col.
518 2999 550 3035 521

187 3054 218 3100 (6)
231 3054 256 3091 L.
267 3062 291 3098 a,
301 3061 323 3099 p.
336 3055 381 3092 142.
456 3092 458 3097 ,
