2182 3277
154 195 192 242 -10
286 209 319 241 un
330 210 561 242 orsanusnmonuzus
572 211 651 249 usoun
663 208 699 248 1111
709 178 838 241 sanctinum
850 211 877 242 1x
916 183 918 185 ¹

193 318 257 363 Inter
268 317 413 377 recentiores,
427 316 535 373 Philipps
549 321 573 362 et
587 316 722 367 Hinschius,
736 320 764 360 ut
777 331 897 364 erroneam
910 321 1012 365 reicIunt

160 384 221 430 hane
237 385 367 431 doctrinam
384 384 412 426 de
428 385 614 438 dispensationis
630 385 697 439 praxi
714 385 813 439 antiqua
829 389 854 429 ot
870 400 939 436 nova,
955 385 1009 431 'cum
1078 403 1080 405 ’

158 452 249 506 duplici
264 450 439 493 fundamentali
455 452 590 495 discrimine
606 452 732 505 descripto⁵
753 452 817 505 'quin
833 454 938 498 rationes
955 467 1009 497 suae
1070 494 1072 496 ,

160 518 293 562 assertionis
304 517 412 559 intimius
423 518 576 566 examinent3
590 519 684 566 Scherer
697 529 747 560 eam
759 530 800 571 pro
813 522 881 571 parte
893 521 1015 570 admittits
1029 550 1033 557 ..

80 624 82 627 ,
158 586 199 628 sed
214 584 340 627 terminum
355 583 439 636 prioris
455 584 594 637 disciplinae
610 584 679 637 ponit
695 585 814 626 saeculum
830 585 897 627 VIII.
915 585 1008 629 Freisen
1038 604 1040 608 ’

100 643 106 647 ’
157 653 228 705 negat
244 662 285 704 per
302 649 381 702 priora
398 651 492 700 saecu'la
511 662 634 694 concessas
661 649 735 695 fuisso
753 651 948 704 dispensationes,
968 653 1007 695 ad·
1041 666 1042 669 ¹

158 718 215 762 dens
231 728 328 759 examen
344 715 483 758 historicum
499 714 556 759 iuris
572 716 724 769 dispensandi
740 716 764 759 in
780 716 886 771 Ecclesia
902 719 1022 763 nondum,

131 787 133 789 ’
156 797 206 835 esse
220 783 317 826 factum.
333 783 436 832 Esrnein,
450 782 603 825 identitatem
619 781 760 824 affirmando
775 782 837 834 inter
851 784 1006 838 dispensatio·
1047 815 1049 817 >

155 863 210 895 nem
221 853 245 893 et
257 849 455 893 absolutionema
467 861 549 901 poena,
562 848 678 890 theoriam
691 848 718 890 de
729 848 809 891 Marca
820 852 844 891 et
855 850 1005 894 Thomassini
1022 870 1024 872 >
1048 852 1052 856 ’

154 908 241 960 iterum
253 916 409 970 amplectitur,
430 915 499 958 nixus
522 915 629 957 doctrina
648 914 840 959 Decretistarum.
868 916 931 959 Inter
943 928 1005 959 com-

154 985 299 1026 mendatores
320 980 418 1033 Codicis,
440 981 522 1023 Cocchi
544 980 649 1024 affirmat
657 992 703 1024 non
723 981 797 1024 iuisse
818 982 1016 1039 aspernationes
1086 979 1089 981 ’

154 1053 241 1093 antea.
254 1047 304 1089 794.
380 1102 382 1104 ‚

184 1115 280 1168 Stiegier
298 1112 415 1167 (Isos-99)
433 1115 513 1156 critice
530 1127 579 1157 rem
595 1114 717 1167 indagans,
733 1113 820 1169 probat
839 1127 910 1170 quam
928 1116 1003 1159 aliena
1026 1150 1028 1153 .

152 1179 184 1225 sit
197 1196 210 1225 a
222 1181 323 1224 ueritate
338 1181 457 1229 historica,
471 1181 533 1233 ratio
545 1181 685 1222 discriminis
697 1194 711 1222 a
722 1180 917 1233 praecedentibus
932 1182 1000 1238 scrIp·

150 1250 244 1292 toribus
259 1248 339 1301 posita
352 1247 414 1289 inter
425 1247 525 1290 modum
542 1247 626 1300 agendi
641 1246 758 1288 Ecclesiae
774 1250 835 1290 ante¹¹
844 1251 868 1289 et
879 1250 934 1300 post
951 1261 1000 1290 sae-

150 1317 229 1359 culum
239 1315 283 1357 XI.
299 1313 373 1355 Recte
383 1316 472 1362 tamen,
492 1316 520 1355 ut
544 1314 676 1366 opinamur,
700 1313 822 1356 discrimen
837 1313 861 1355 in
880 1314 924 1354 hoc
935 1314 1002 1367 ponit
1026 1309 1028 1311 ’
1050 1318 1066 1338 ⁴-

152 1382 215 1436 quod
225 1384 278 1426 ante
291 1379 376 1423 saeeX
388 1380 574 1432 dispensationes
584 1380 652 1422 unice
664 1378 852 1421 concedebantur
863 1377 892 1419 ob
903 1391 997 1422 oausam
1050 1428 1057 1438 s

150 1447 208 1491 boni
223 1446 360 1494 communis,
371 1449 426 1499 post
435 1446 493 1487 illud
504 1443 584 1488 autem
595 1446 667 1488 etiam
678 1444 707 1486 ob
719 1456 814 1487 causam
824 1444 880 1487 boni
890 1445 985 1498 privati.

134 1532 136 1534 ·
181 1514 218 1555 Ex
226 1513 358 1567 praemissis
367 1512 442 1553 elucet
451 1524 491 1553 cur
501 1511 627 1554 debeamus
636 1511 702 1564 agere
711 1511 815 1552 ionariis
824 1511 942 1564 capitibus
951 1524 997 1553 sec·
1017 1511 1023 1514 ”

149 1581 220 1624 tionis
234 1580 321 1633 primae
335 1576 406 1626 huius
418 1578 493 1630 partis
506 1577 603 1630 primae,
618 1578 646 1619 dc
660 1576 795 1626 existentia,
810 1577 838 1618 de
851 1569 955 1626 notione,
969 1578 996 1619 de
1066 1586 1067 1589 ’

149 1647 241 1691 obiecto
252 1645 314 1687 etde
325 1656 396 1688 causa
406 1643 616 1699 dispensationum.
