2139 3277
432 206 510 239 tucax
519 202 670 238 enarramus
891 189 893 192 ’
917 200 968 234 xxv
1007 199 1009 201 ’

224 320 356 365 Dispensant
365 319 387 355 in
398 318 442 354 suis
451 317 541 362 legibus.
554 337 581 345 ..
591 319 610 355 3.
624 319 704 355 Causae
714 316 839 354 indicantur
850 316 900 354 hae-

222 377 330 412 sitationis
345 376 462 411 doctorum.
478 393 506 399 -
518 375 536 409 4.
551 375 650 410 Potestas
664 374 812 419 episcoporum
825 374 847 409 in
861 372 900 409 mt-

221 423 324 478 tigandiss
334 431 451 479 canonibus
469 431 666 475 poenitentialibus
683 449 710 456 —-
727 432 744 466 5.
763 430 786 465 et
802 429 824 465 in
841 430 899 465 miti-

222 489 297 534 gandis
317 487 436 525 canonibus
453 486 592 531 poenalibus)
607 506 635 522 ,-
652 487 670 523 6,
691 487 839 524 Controversia
858 486 899 522 ori-

220 548 271 580 tur:
287 553 315 581 an
333 543 461 587 dispensatio
479 544 578 588 episcopo
597 543 739 589 permittatur
754 543 840 587 quoties
856 552 899 580 non

223 600 340 644 denegatur
349 600 387 637 aut
395 600 482 641 tantum
503 600 588 643 quoties
607 599 737 635 conceditur.
759 599 812 634 —7.
823 600 856 636 An
873 599 896 633 in

222 666 273 695 casu
289 652 414 705 particulari
432 664 530 693 concessa
547 657 644 700 potestas
662 655 798 700 dispensandi
827 654 895 690 inclu-

223 713 261 751 dat
275 712 406 758 potestatem
423 720 505 757 semper
522 711 660 756 dispensandi
674 712 696 746 in
712 712 785 749 eadem
802 711 898 749 materia.

96 770 98 774 .
130 854 133 857 ἱ
167 795 296 840 'Conclusio
308 794 387 838 Partis
403 796 481 838 tertiae
508 827 513 837 .
548 826 552 836 .
584 827 589 836 .
622 827 637 848 ,Α
659 825 889 838 .......
926 792 968 835 iio

468 917 541 955 PARS
564 917 593 953 IV
630 933 632 936 ·

204 1020 206 1022 ’
253 1007 293 1041 DE
304 1005 614 1041 DISPENSATIONIBUS
626 1005 885 1041 EGCLESIASTICIS
897 999 898 1002 ¹

187 1079 189 1085 .
308 1070 310 1072 '
360 1062 441 1096 APUD
461 1062 717 1098 DECRETALISTAS

216 1118 320 1162 USQUE
332 1119 372 1154 AD
388 1118 530 1154 IOANNEM
543 1119 686 1155 ANDREAE
702 1118 868 1164 INCLUSIVE

51 1222 52 1225 ’
112 1211 280 1256 Praenotdnda.
523 1270 532 1273 -
740 1266 742 1269 ⁸

62 1277 70 1280 ⁴
174 1301 193 1343 1.
210 1300 245 1343 oe
259 1280 423 1352 caeretanus
437 1298 489 1341 nn.
504 1298 652 1344 Pontificum
693 1330 888 1341 ......
921 1298 963 1342 150

228 1371 246 1406 1.
263 1370 363 1413 Quaestio
379 1367 471 1415 duplex:
486 1369 583 1412 iuridica,
599 1371 624 1405 de
637 1368 709 1408 valore
722 1369 794 1414 agnito
810 1370 904 1406 decreta-

225 1426 281 1462 libus
298 1426 346 1462 ΗΒ,
364 1425 503 1468 Pontificum,
521 1426 629 1468 historica,
648 1427 673 1461 de
690 1435 762 1464 earum
779 1424 865 1461 influxu
881 1426 903 1461 in

227 1482 348 1520 doctrinam
366 1482 501 1527 scriptorum.
521 1501 549 1507 »-
566 1483 584 1518 2.
604 1484 738 1519 Momentum
757 1482 903 1524 decretalium,
969 1516 971 1518 ,

179 1570 181 1575 ,
225 1544 283 1583 quae·
295 1539 369 1576 tamen
385 1539 459 1577 eontra
476 1539 596 1575 doctrinam
611 1540 634 1575 in
650 1539 722 1576 schola
736 1540 845 1583 receptam
860 1549 904 1574 non

224 1594 357 1641 praevalent.
375 1613 402 1620 -
418 1595 437 1630 3.
455 1594 594 1631 Collectiones
612 1595 750 1631 decretalium
766 1596 866 1640 privatae
883 1596 905 1629 et

225 1652 364 1694 authenticae
371 1652 392 1685 et
399 1652 475 1686 harum
482 1651 586 1688 influxus.
595 1652 647 1688 -4.
658 1651 755 1687 influxus
764 1652 875 1694 doctrinae
883 1652 904 1687 in

224 1706 341 1743 decretales
357 1708 403 1743 ΒΗ.
421 1703 560 1744 Pontificum.

175 1791 206 1834 Il.
224 1790 317 1845 Scripta
332 1792 455 1833 doctorum
507 1823 894 1835 ...........
927 1789 969 1834 153

224 1861 242 1898 1.
260 1860 347 1897 Glossae
357 1862 379 1896 et
388 1863 506 1906 apparatus
517 1861 642 1906 glossarum.
653 1880 680 1886 —-
689 1862 707 1898 2.
719 1862 903 1899 Commentatores

224 1918 246 1954 in
259 1917 382 1953 Decretales
396 1918 491 1962 Gregorii
505 1918 537 1954 IX
550 1919 572 1953 et
584 1919 605 1955 in
619 1919 709 1954 Sextum
722 1918 812 1954 Librum
825 1919 902 1954 Decre-

182 1992 183 1995 =
224 1972 307 2012 talium.
322 1993 350 1999 -
362 1975 380 2010 3.
394 1974 496 2011 Summae
507 1973 628 2011 titulorum.
643 1994 670 1999 —
681 1975 700 2011 4,
715 1975 829 2012 Tractatus
843 1984 889 2019 spe-

225 2028 287 2066 ciales
304 2029 359 2068 cirea
375 2030 563 2075 dispensationem.

101 2137 103 2139 v
177 2112 222 2156 III.
239 2113 275 2156 De
292 2113 405 2156 methodo
425 2113 638 2158 Decretalistarum
701 2146 896 2156 ......
930 2114 972 2161 ido

210 2168 212 2171 Α
225 2184 243 2220 1.
261 2181 359 2219 Iniluxus
372 2183 543 2232 Decretistarum
554 2184 664 2221 mediante
674 2183 744 2229 glossa
754 2184 870 2222 ordinaria.
882 2203 908 2211 -

225 2240 243 2276 2.
260 2240 386 2284 Progressus
399 2241 422 2275 in
436 2242 537 2276 methodo
553 2241 642 2285 eiusque
656 2250 740 2277 causae.
755 2259 783 2267 »-
796 2241 814 2276 3.
829 2242 908 2284 Quaes-
924 2238 926 2242 “

224 2296 293 2331 tiones
306 2305 361 2340 quae
373 2297 487 2342 praecipue
500 2307 511 2332 a
525 2296 673 2335 Decretalistis
686 2298 818 2334 tractantur.

178 2378 218 2421 IV.
236 2379 327 2422 Divisio
337 2380 412 2442 partis
421 2383 521 2435 quartae
547 2412 896 2423 ..........
930 2380 970 2423 iol

226 2449 244 2487 1.
261 2449 326 2486 Ratio
340 2450 449 2487 divisionis
461 2450 629 2497 chronologicae.
642 2469 669 2476 —
680 2452 698 2487 2.
711 2451 792 2487 Diuisio
805 2450 880 2496 logica.

116 2561 191 2606 Sentio
203 2562 223 2606 I.
236 2563 362 2605 Doctrina
375 2564 406 2605 de
418 2565 530 2614 notione,
544 2563 679 2613 divisione,
692 2576 780 2622 causa
791 2563 894 2609 obiecto

234 2629 352 2674 subiecto
372 2630 397 2671 et
417 2631 555 2674 effectibus
575 2631 781 2687 dispensationis

180 2717 262 2761 CAPUT
275 2717 292 2760 Ι.
305 2717 341 2760 De
355 2717 452 2761 notione
467 2719 651 2774 dispensationis
695 2751 891 2762 ......
923 2719 966 2762 163

240 2795 250 2850 ἕ
262 2793 282 2837 1,
294 2794 330 2837 De
341 2794 480 2838 definitione
492 2796 674 2850 dispensationis
684 2808 753 2839 sensu
764 2788 864 2838 strictoss
877 2828 883 2838 .
930 2796 976 2839 iot.

311 2864 329 2901 i.
346 2865 449 2901 Definitio
458 2864 542 2910 glossae
550 2867 671 2912 ordinariae
679 2866 794 2901 retinetur.
803 2883 831 2891 -
838 2867 857 2903 2.
867 2866 914 2902 Dis·
929 2871 931 2874 ’

309 2922 406 2971 pensatio
416 2922 448 2970 est
456 2921 547 2972 casualis
555 2925 577 2973 et
585 2923 678 2972 diiterta
688 2922 810 2970 mutatione
815 2920 875 2970 legis,
883 2941 910 2953 ξ
