2139 3277
351 232 384 263 nn
395 231 497 263 oerscro
506 230 723 262 nrsrnnsnrronun
856 270 859 275 ,
942 216 969 263 21

116 339 209 383 abunde
221 341 288 393 patet
301 352 331 381 ex
343 338 446 394 epistolis
460 337 615 380 decretalibus
628 338 653 381 in
667 336 752 394 quibus
766 336 819 378 RR.
834 334 971 390 Pontifices,

116 409 242 461 postquam
256 408 381 461 tamquam
395 404 498 457 regulam
512 404 537 446 in
552 404 656 447 Ecclesia
670 407 791 447 vetustam
807 403 971 453 enuntiarunt,

116 486 165 515 sese
176 471 303 517 canonibus
314 485 362 513 esse
373 465 464 523 ligatos,
480 469 505 512 in
521 469 603 525 eadem
614 473 693 512 tamen
704 470 810 524 epistola,
821 470 859 512 vel
868 470 914 523 ipsi
926 469 972 511 dis-

115 540 264 593 pensationes
278 538 417 584 concedunt,
431 536 470 577 vel
482 536 599 589 episcopis
611 537 669 578 dant
679 535 821 593 taeriltateni
834 550 874 579 eas
888 548 971 580 conce-

116 605 193 647 dendi.
208 605 245 644 Ex
256 603 340 645 iisdem
352 602 447 655 insuper
459 601 566 643 tentibus
580 605 678 656 apparet
691 615 729 644 eos
742 614 784 656 pro
799 606 861 644 certo
875 602 969 651 habere,

113 671 172 713 tales
183 669 340 722 exceptiones,
351 668 380 710 ob
392 668 521 711 utilitatem
531 668 569 709 vel
580 669 744 711 necessitatem
761 668 845 717 iactas,
858 669 970 722 apostoli-

115 738 148 779 cis
161 735 258 778 statutis
271 747 318 777 non
332 734 498 787 praeiudicare,
525 746 568 775 nec
593 733 691 776 Patrum
720 744 822 777 canones
835 735 965 782 resolvere;

116 802 239 846 affirmant
253 801 314 843 enim
329 804 353 843 et
365 800 469 854 regulam
481 800 506 842 in
519 800 701 852 rigore'manere
713 801 738 842 in
752 799 863 844 omnihus
877 799 969 844 casibus

115 882 158 911 sua
175 868 347 921 dispensatione
363 879 411 910 non
427 866 538 919 exceptis,
556 870 580 908 et
595 867 671 920 ipsam
696 866 858 919 exceptionem
874 869 970 911 tantum

116 936 198 977 durare
207 947 274 988 posse
284 934 399 989 quamdiu
409 933 490 975 existit
499 944 570 975 causa
579 933 725 977 necessitatis
737 930 771 986 (1)

145 1003 166 1044 2,
178 1000 276 1048 Prorsus
291 1000 385 1043 aliaest
399 1000 504 1053 quaestio
517 998 581 1052 jacti,
596 999 706 1042 nimirum
718 1000 743 1045 in
757 991 901 1052 quibusnam
914 999 970 1052 legi-

113 1068 165 1116 hus,
180 1080 220 1124 per
233 1078 318 1110 novem
332 1066 409 1119 priora
422 1066 521 1114 saecula,
535 1066 641 1108 delacio
656 1066 817 1122 dispensatum
831 1065 903 1107 iuerit
916 1078 969 1108 nec÷

114 1145 150 1177 ne
168 1133 231 1184 Quae
247 1133 307 1174 circa
323 1133 383 1175 hanc
399 1128 561 1185 quaestionem
576 1131 710 1185 propositae
724 1131 821 1174 fuerunt
835 1132 967 1176 sententiae

115 1201 145 1243 ad
155 1200 196 1243 has
208 1202 309 1253 quatuor
320 1199 399 1240 reduci
410 1210 476 1251 posse
486 1198 606 1240 videntur.
934 1201 936 1208 ”

97 1303 101 1311 ,,
143 1265 222 1309 Prima
231 1265 308 1318 opinio
318 1268 384 1307 tenet
393 1276 438 1305 non
447 1264 519 1318 juisse
527 1263 717 1316 dispensationes,
737 1263 831 1317 fuitque
840 1263 898 1306 haec
914 1276 966 1308 sen.

112 1333 190 1375 tentia
203 1334 354 1385 propugnata
369 1330 398 1374 ab
418 1330 561 1379 auctoribus,
587 1331 627 1384 qui
652 1342 681 1371 611
695 1330 799 1384 professo
822 1342 871 1373 rem
895 1330 969 1373 histo-

112 1400 157 1441 rice
167 1412 213 1442 11611
223 1398 381 1441 excoluerunt.
394 1398 431 1440 Ita
441 1397 550 1438 anrsnn
563 1396 669 1439 affirmat
678 1396 806 1440 Ecclesiam
819 1411 828 1434 a
838 1409 879 1450 per
890 1397 968 1450 priora

112 1465 204 1507 saecula
214 1480 222 1503 1)
237 1475 328 1516 semper
343 1464 444 1516 exegisse
459 1464 589 1516 rigorosam
604 1463 660 1504 iuris
676 1461 860 1513 observantiam,
876 1466 900 1505 et
914 1467 968 1507 tan*

111 1534 164 1575 tum
178 1546 186 1569 1
196 1533 278 1586 postea
288 1544 296 1568 1
312 1530 432 1573 admisisse
447 1529 649 1584 dispensationes3
666 1541 712 1574 non
727 1532 809 1575 tamen
824 1529 967 1577 determinat

138 1724 168 1768 (1)
183 1725 231 1760 Non
240 1725 321 1768 absque
331 1734 352 1759 re
363 1726 404 1759 erit
413 1726 483 1762 varios
494 1727 568 1761 textus
578 1727 621 1762 huc
630 1726 732 1764 iacientes
744 1734 874 1768 enumerare,
896 1725 961 1769 siqui-

111 1781 160 1815 dem
171 1781 319 1816 Thomassinus
331 1783 352 1816 et
363 1782 426 1816 multi
436 1784 485 1826 post
496 1791 551 1824 eum,
568 1784 593 1817 ut
608 1783 664 1821 inira
680 1782 807 1824 videbimus,
826 1782 958 1817 contrariam

111 1837 229 1873 doctrinam
239 1838 319 1873 tenent.
332 1838 362 1873 Ci.
374 1838 503 1880 Hrnscr'nus,
515 1839 560 1873 Dus
571 1838 716 1874 Kirclzenreclri
726 1839 761 1873 der
773 1838 902 1873 Knidolilren
913 1837 956 1871 und

108 1894 250 1928 Protesianien
262 1894 283 1927 in
296 1893 442 1936 Deutsclilund,
453 1896 469 1931 t.
483 1895 522 1937 III,
534 1905 555 1938 p.
567 1895 612 1931 689.
626 1915 654 1922 -
663 1895 708 1929 Lno
722 1895 731 1928 Ι
743 1905 747 1929 z
759 1899 767 1917 a
778 1903 832 1939 quae
844 1895 901 1930 enirn
913 1902 955 1927 cer-

109 1951 181 1984 tarum
195 1950 312 1984 remisimus
328 1950 494 1987 consideratione
509 1960 628 1994 causarum,
644 1951 739 1995 antiquis
755 1950 894 1985 custodienda
910 1951 960 1986 sunt

110 2004 194 2048 regulis,
206 2014 233 2040 ne
245 2006 303 2049 quod
314 2007 342 2041 ad
353 2007 438 2049 ternpus
449 2008 485 2051 pia
496 2006 586 2042 lenitate
599 2006 745 2049 concessimus,
758 2007 816 2042 iusta
828 2004 955 2049 postulatio-

109 2069 135 2096 ne
149 2061 266 2105 plectamus
278 2070 293 2096 n.
308 2062 385 2102 Jnsss,
408 2071 424 2097 0.
439 2072 462 2104 6,,
476 2072 495 2097 n.
511 2063 559 2098 410.
587 2083 615 2088 —
644 2062 794 2097 Innocentius
810 2061 819 2095 Ι
832 2061 939 2106 (lot-417)
951 2071 955 2095 t

108 2127 117 2149 n
129 2117 186 2161 quod
197 2117 309 2152 necessitas
320 2115 356 2161 pro
365 2118 456 2153 remedio
468 2118 655 2160 invenit,cessante
667 2119 794 2153 necessitate
808 2119 872 2152 debet
883 2118 959 2161 utique

109 2173 189 2208 cessare
199 2174 277 2218 pariter
288 2174 345 2216 quod
356 2174 454 2218 urgebat,
463 2175 512 2218 quia
522 2174 575 2209 alius
587 2177 619 2210 est
630 2175 680 2209 ordo
691 2173 806 2219 legitimus,
817 2173 859 2209 alia
869 2183 957 2217 usurpa-

109 2230 146 2272 tio,
157 2240 220 2274 quarn
229 2231 313 2273 tempus
322 2230 368 2264 lieri
378 2230 405 2264 ad
413 2239 509 2274 praesens
519 2231 609 2274 impellit
617 2244 630 2267 1.
642 2231 718 2273 111111,
729 2241 746 2266 o.
757 2241 780 2272 6.,
791 2240 811 2265 11.
822 2230 868 2265 363.
880 2250 907 2255 -
916 2230 958 2265 GE-

108 2295 184 2319 116166
195 2286 203 2319 1
213 2285 304 2329 (naa-96)
315 2296 319 2320 :
328 2297 336 2318 11
343 2285 416 2330 priscis
425 2295 462 2329 pro
472 2296 510 2321 sua
518 2278 636 2322 reverentia
646 2287 667 2322 in
676 2287 748 2331 vigore
758 2286 958 2330 manentibus,quae

108 2342 145 2376 ubi
156 2341 212 2377 nulla
223 2341 257 2377 vel
267 2350 336 2384 rerum
347 2341 381 2377 vel
391 2343 511 2385 temporum
521 2345 635 2387 perurgeat
646 2344 751 2386 angustia,
770 2341 894 2386 regulariter
909 2351 957 2376 eon-

108 2398 168 2432 venit
181 2398 284 2432 custodire
293 2409 307 2433 1.
323 2397 360 2440 ei,
376 2398 445 2434 D.LV.
461 2399 490 2434 Gi.
505 2399 621 2441 Srrnennn,
636 2409 653 2434 0.
669 2409 692 2441 6.,
707 2409 727 2443 p.
738 2398 770 2433 29.
781 2416 810 2423 —-
820 2397 957 2433 linnrrnusl

38 2446 42 2452 '¹
108 2453 185 2496 (ants)
196 2464 203 2497 ²„
211 2464 219 2486 r
228 2453 295 2502 Novit
307 2454 362 2488 enirn
374 2462 442 2488 canon
453 2454 584 2489 afflictorum
595 2449 716 2498 temporum
727 2453 908 2498 persecutionibus
921 2447 956 2488 ve-

108 2509 166 2545 niam
176 2510 280 2544 tribuere..
292 2518 341 2544 curn
348 2509 397 2544 inde
405 2508 542 2545 ecclesiastico
554 2512 630 2546 canoni
640 2510 697 2545 nullo
708 2510 771 2544 modo
781 2509 952 2553 praeiudiceturn.

108 2565 150 2608 PL,
158 2566 174 2601 t.
183 2566 215 2608 87,
224 2565 261 2601 661.
271 2564 316 2601 172.
329 2585 356 2591 -
370 2565 471 2615 loannes
479 2565 533 2601 vti-i
541 2565 568 2610 (a.
577 2567 625 2610 872)
636 2576 640 2600 :
654 2577 663 2599 11
673 2566 716 2601 Ν66
724 2565 812 2600 statutis
826 2564 949 2609 apostolicis

107 2621 281 2665 praeiudicantes,
295 2630 333 2655 nec
345 2621 456 2665 beatorum
469 2623 558 2657 Patrurn
569 2622 652 2667 regulas
664 2622 799 2663 resolventes,
814 2622 865 2664 quin
877 2621 952 2666 potius

35 2719 37 2722 Ι
107 2677 258 2721 multiplicibus
275 2685 348 2712 eorum
362 2678 528 2713 auctoritatibus
545 2679 615 2715 freti...
634 2678 808 2713 concedimus...»
824 2677 866 2720 PL,
883 2677 951 2719 etas,

108 2733 145 2769 661.
158 2733 369 2777 851.-ὃγ111111611116
381 2733 407 2777 (a.
420 2733 466 2778 501)
477 2734 498 2769 in
510 2743 541 2778 ep.
554 2735 580 2768 ad
591 2735 651 2779 episc.
662 2733 777 2768 Avitumz«
787 2733 843 2768 Nam
855 2733 954 2778 quamvis
1009 2755 1011 2757 ·

107 2798 120 2824 a
134 2789 233 2825 Patribus
248 2789 331 2825 statuta
344 2789 439 2833 diligenti
452 2790 600 2825 observatione
615 2791 636 2825 et
649 2790 773 2825 observanti
787 2789 897 2837 diligentia
911 2789 955 2824 sint

107 2845 252 2888 custodienda,
264 2845 399 2881 nihilominus
410 2847 496 2890 propter
506 2845 594 2890 aliquod
604 2847 684 2881 bonum
696 2846 720 2881 de
730 2846 799 2889 rigore
809 2844 860 2890 legis
871 2845 953 2892 aliquid

107 2899 220 2945 relaxatur,
233 2902 289 2946 quod
301 2902 322 2936 et
331 2902 378 2953 ipsa
387 2900 422 2936 lex
432 2902 522 2946 cavisset
539 2902 555 2937 si
565 2902 704 2946 praevidisset
714 2915 728 2939 1),
751 2901 829 2944 annn,
847 2912 866 2939 o.
878 2911 894 2937 6.
908 2902 924 2937 t.
935 2901 950 2955 Ιξ
