2139 3277
210 212 213 214 ·
270 201 416 238 stIPTOREs
432 203 495 251 ANTE
509 202 662 233 BERNALDUM
679 202 709 231 ET
725 200 820 231 IVONEM
959 190 987 233 43

137 321 253 369 canonum
266 309 452 365 transgressioni.
468 308 532 359 Quae
546 309 633 362 praxis,
649 309 800 364 caeteroquin
822 320 892 358 nova,
909 322 923 352 a
937 309 989 363 plu-

136 376 200 420 ribns
215 377 368 432 scriptoribus
382 375 453 418 huius
475 374 588 428 temporis
602 376 754 430 impugnatur
769 379 793 418 et
808 375 905 430 quidem
918 376 989 434 velie·

71 440 73 443 ’
136 446 233 489 menter.
245 442 282 486 Ab
294 444 335 486 1110
348 446 454 497 tempore
467 440 541 483 etiam
553 440 645 484 facilius
658 444 818 487 conceduntur
831 434 989 497 dispensatio·
1059 443 1061 446 ’

136 523 176 555 nes
192 509 360 554 antefactum.
377 507 455 551 Huius
470 507 610 550 mutationis
627 520 697 551 cansa
712 510 790 562 magni
806 510 923 555 momenti
938 509 987 552 luit

79 626 81 628 ,
135 577 240 620 studium
253 575 334 618 Curiae
346 574 466 617 Romanae
479 574 578 626 augendi
591 576 757 617 atrctoritatem
770 575 791 617 S.
805 576 876 619 Sedis.

131 684 133 686 ,
165 642 232 685 Adde
244 642 273 684 ab
285 642 329 684 hoc
340 640 432 684 saeculo
443 642 520 694 ipsam
531 638 670 683 methodum
691 641 846 684 scientificam
861 646 993 688 auctorum

135 711 253 752 mutatam
266 708 355 751 fuisse:
371 718 418 750 non
431 707 478 750 iam
493 706 576 755 obiter,
591 711 620 749 ut
634 710 711 757 antea,
728 707 755 749 de
770 709 986 761 dispensationibus

137 778 216 829 agunt,
228 775 353 819 tractando
366 786 449 828 nempe
461 774 489 815 de
501 772 691 817 reconciliatione
702 773 827 827 lapsorum,
841 776 881 817 scd
894 788 923 817 cx
933 790 986 833 pro-

135 843 194 885 fesso
208 844 336 895 exponunt,
350 841 426 894 magis
438 839 626 883 enucleatelicet
639 840 715 882 adhuc
728 840 805 884 minus
818 841 927 894 perfecte,
942 856 983 886 no-

134 910 230 957 tionem,
251 921 321 951 usum
341 911 365 950 et
386 910 504 950 auctorem
525 907 713 960 dispensationis,
735 905 917 951 fundamentum
939 910 988 956 eius

71 993 72 996 ¹
134 976 264 1026 inridicum,
281 986 376 1018 causam
390 974 535 1027 requisitam,

166 1042 230 1094 Quae
246 1042 325 1085 omnia
340 1041 442 1098 pressius
458 1042 526 1083 erunt
541 1040 681 1094 indaganda,
698 1044 726 1082 ut
742 1042 858 1094 possimus
882 1042 988 1087 stabilire

136 1108 252 1164 quomodo
263 1108 356 1161 regulae
366 1108 391 1149 111
403 1107 501 1149 Decreto
516 1106 623 1149 Gratiani
634 1110 659 1149 et
679 1107 731 1149 lure
743 1108 895 1151 decretalium
906 1114 989 1163 postea

135 1175 299 1229 exprimendae
317 1174 434 1231 paulatim
452 1176 530 1215 ortum
547 1172 680 1217 habuerint.
710 1174 805 1218 Etenim
823 1189 837 1217 a
854 1176 945 1219 saeculo
963 1177 987 1219 X

136 1243 165 1285 ad
178 1241 282 1297 medium
294 1234 413 1284 saeculum
426 1240 476 1285 ΧΠ
488 1239 617 1284 traduntur
630 1240 722 1293 regulae
735 1242 852 1293 generales
866 1242 928 1285 circa
941 1245 988 1287 dis-
1027 1241 1028 1244 ’

135 1307 298 1364 pensationes3
314 1311 339 1361 at
353 1307 419 1349 notio
434 1306 514 1359 stricte
528 1305 627 1348 iuridiea
638 1318 697 1360 quae
706 1306 775 1350 hodie
789 1311 918 1363 usurpatur
929 1322 985 1354 non-

136 1376 191 1418 dum
214 1376 322 1418 occurrit.
764 1388 766 1391 ·

105 1470 107 1472 -
165 1441 229 1483 Haec
242 1442 321 1484 omnia
334 1441 415 1482 ordine
428 1440 498 1483 simul
520 1439 680 1493 chronologico
694 1443 718 1482 et
730 1440 803 1494 logico
817 1454 879 1485 nunc
893 1445 987 1488 evolve-

137 1521 195 1558 mus,
209 1508 244 1549 ita
256 1508 320 1550 utin
332 1506 410 1549 tribus
423 1505 540 1560 prioribus
553 1507 662 1559 capitulis
676 1516 772 1560 aganrus
786 1509 814 1551 de
827 1510 930 1560 notione,
945 1512 985 1554 ob-

133 1577 192 1618 iecto
209 1577 233 1616 et
249 1585 320 1617 causa
336 1572 524 1627 dispensationis,
540 1572 565 1615 111
581 1572 674 1615 duobus
690 1574 839 1618 ulterioribus
863 1577 891 1619 de
908 1583 986 1631 poten

134 1644 183 1684 tate
195 1641 346 1693 dispensandi
358 1639 410 1684 ΗΒ.
423 1638 567 1682 Pontificum
579 1642 603 1680 et
614 1640 784 1698 episcoporum,
910 1634 912 1636 ’

486 2006 587 2049 CAPUT
604 2008 614 2048 I

270 2138 394 2181 Doctrina
412 2137 573 2192 scriptorum
590 2139 651 2181 ante
669 2136 832 2180 Bernaldum

194 2208 220 2248 et
233 2205 338 2248 Ivonem
350 2198 542 2247 Carnutensem
554 2205 623 2247 circa
633 2205 773 2255 notionem,
785 2204 918 2257 obiectum

361 2274 387 2314 et
404 2284 514 2314 causam
532 2271 737 2326 dispensationis

164 2405 183 2447 1.
210 2403 289 2448 Prima
306 2404 430 2447 conamina
447 2401 564 2453 Huncnnn
593 2403 744 2453 FHEMENSIS‚
762 2404 880 2447 mediante
897 2406 989 2448 saeculo

135 2472 170 2513 IX
184 2470 271 2526 (t882)
286 2474 310 2513 et
323 2471 439 2520 Aneonis,
455 2469 549 2512 abbatis
571 2469 730 2520 Floriacensis,
754 2471 778 2512 in
792 2471 840 2512 iine
855 2472 941 2516 saeculi
963 2472 988 2515 X

133 2537 227 2592 (1998),
254 2538 386 2596 methodica
403 2538 534 2591 exponendi
551 2538 682 2579 doctrinam
699 2538 726 2579 de
743 2537 990 2590 (111001110110110,1110-

133 2606 172 2659 gni
189 2605 298 2659 ponderis
317 2617 365 2647 non
383 2603 484 2646 luerunt.
506 2603 533 2646 In
554 2595 654 2657 epistola
672 2603 793 2646 Hincmari
812 2604 841 2645 ad
860 2604 989 2650 Concilium

136 2671 296 2721 Suessonense,
311 2672 356 2713 duc
369 2674 425 2713 sunt
437 2674 521 2713 notatu
534 2671 604 2724 digna
615 2685 619 2711 :
632 2672 713 2724 primo,
728 2670 926 2724 dispensationem
945 2674 991 2726 ipsi

133 2729 182 2780 esse
196 2735 301 2781 medium
319 2737 458 2793 conciliandi
475 2737 669 2790 praescriptiones
686 2738 808 2779 canonicas
832 2749 892 2791 quae
908 2739 990 2782 viden-

132 2808 171 2846 tur
184 2805 398 2847 contradictoriae:
413 2803 470 2845 alias
484 2804 546 2847 enim
560 2803 632 2846 habet
644 2806 706 2857 leges
718 2803 840 2856 rigorosas,
863 2805 920 2847 alias
933 2817 988 2848 vero

130 2872 301 2930 interpretatur
314 2874 439 2925 tamquam
453 2871 480 2911 de
492 2870 542 2912 iure
554 2870 713 2924 indulgentiae
735 2882 774 2912 sen
788 2871 986 2930 dispensationis;

133 2937 240 2989 secundo,
256 2938 365 2999 denegari
377 2937 406 2980 Β.
418 2936 537 2988 Pontifici,
550 2937 739 3000 utpote-custodi
749 2947 874 2989 canonum,
894 2939 989 2992 ius-dise
