2182 3277
159 210 203 255 174
293 227 327 257 DE
344 201 582 258 orspnnsarronreus
597 222 664 257 Aetio
680 216 881 257 nucnurarts‘ra‘s
951 230 957 235 „

189 332 267 377 Tanta
276 333 373 375 videtur
381 333 454 377 fuisse
464 333 598 377 Hostiensis
609 335 747 385 auctoritas,
758 337 787 377 ut
797 335 875 389 plures
885 331 1025 379 canonistae

158 400 300 454 posteriores
317 401 449 454 doctrinam
466 401 515 443 eius
533 403 636 455 amplexi
653 401 748 452 luerint,
777 401 840 444 inter
858 414 916 456 quos
933 400 1026 444 Duran-

156 467 189 508 tis
201 465 240 520 (1),
257 466 444 530 Archidiaconus
456 466 497 521 (2),
514 470 538 509 et
556 468 656 512 Ioannes
670 466 832 521 Andreaeffi).
850 467 881 510 Hi
897 467 960 512 enim
976 467 1025 508 exi·

156 536 216 586 gunt
226 531 421 586 dispensationem
431 545 567 587 expressam.
587 535 678 579 Dicunt
688 535 812 588 episcopos
823 547 872 577 esse
881 534 1021 588 puniendos,
1063 549 1065 552 ·

156 599 175 641 si
191 600 329 654 dispensant
344 600 552 655 quinexprimant
566 612 662 644 causam
675 591 749 654 ipsius
764 600 956 654 dispensationis.
973 600 1024 642 lmo
1039 596 1042 598 ’

156 664 271 710 Ducentis
296 670 367 720 negat
391 668 528 722 episcopum
552 665 754 726 dispensationem
791 668 866 710 tacite
890 668 1035 722 concessam

155 744 223 786 posse
239 733 343 787 probare
356 737 410 787 post
425 734 533 783 iactum3
550 746 605 778 nam
620 750 628 773 Γ
641 746 731 808 semper
748 735 837 776 diceret
854 735 984 791 episcopus
994 746 1018 776 se

156 799 311 853 dispensasse,
326 802 354 842 ut
367 813 413 844 non
426 801 595 854 puniretur
619 804 643 842 et
656 800 753 844 sidicat
765 813 790 842 se
797 800 961 878 dispensasse,
976 812 1024 844 non

156 870 193 924 est
209 867 230 909 ei
222 866 431 954 credendum,n
432 867 462 909 sii
478 866 583 921 probet»
594 865 635 920 (4).

274 1058 284 1110 ξ
294 1058 315 1100 2.
327 1078 358 1086 —-
368 1055 403 1099 De
414 1034 587 1111 dispensatione
598 1056 670 1098 tacita
680 1058 701 1097 et
711 1048 897 1109 dissimulatione

116 1214 118 1216 »
188 1187 397 1242 Dispensationem
412 1185 682 1240 tacitam'distinguunt
699 1184 868 1230 Decretalistac
885 1198 899 1228 a
914 1186 1023 1228 dissimu-

158 1252 280 1295 lationeet
296 1265 310 1293 a
327 1252 456 1295 tolerantia.
473 1253 545 1295 Porro
561 1252 618 1295 haec
633 1245 763 1296 tolerantia
777 1252 837 1306 ipsis
852 1256 887 1295 est
902 1269 911 1292 Γ
921 1254 1021 1296 alicuius

152 1320 230 1363 illiciti
249 1320 411 1375 permissioni
430 1320 507 1362 maius
524 1319 636 1361 illicitum
654 1319 744 1361 vitetur
755 1331 780 1367 »;
801 1319 945 1373 superiorem
963 1332 1019 1363 vero

153 1387 402 1436 dissimularedicunt
418 1386 459 1428 ubi
476 1382 581 1428 abstinet
598 1385 627 1428 ab
643 1385 807 1440 impugnando
824 1384 916 1429 iactum
934 1388 1018 1430 contra

151 1453 227 1507 legem
245 1454 360 1508 positum,
389 1453 452 1507 quod
463 1453 559 1507 quidem
569 1455 596 1493 ut
605 1451 685 1494 valide
694 1453 732 1494 vel
740 1453 806 1494 licite
815 1451 892 1503 fieret,
902 1453 1019 1505 indiguis·
1036 1492 1037 1495 ,

114 1566 116 1569 .
152 1524 188 1560 set
203 1519 387 1574 dispensatione,
420 1520 477 1561 dum
491 1530 573 1560 revera
586 1518 724 1561 huiusmodi
740 1519 885 1572 dispensatio
901 1521 957 1579 ante
971 1518 1020 1562 iacss

68 1602 70 1604 ·
137 1632 139 1635 v
150 1587 203 1629 tum
213 1600 242 1631 ne
252 1587 327 1635 tacite
338 1586 434 1639 quidem
443 1584 492 1626 luit
503 1596 620 1627 concessa.

183 1653 201 1694 1.
220 1652 313 1695 Occasio
331 1664 391 1706 quae
408 1652 463 1693 huic
480 1651 693 1694 Decretalistarum
714 1651 837 1709 doctrinae
853 1664 936 1695 ansam
951 1664 1019 1706 prae-

149 1716 204 1760 buit
217 1719 354 1774 quaerenda
366 1719 437 1761 estin
450 1717 594 1771 quibusdam
608 1717 773 1767 decretalibus,
796 1717 821 1762 in
834 1719 940 1773 quinque
953 1730 1015 1762 com-
1032 1731 1034 1733 ’

149 1785 305 1838 pilationibus
328 1785 432 1839 antiquis
453 1784 555 1832 insertis,
578 1796 640 1838 quae
660 1783 793 1837 tangebant
814 1786 911 1828 modum
934 1786 1018 1838 agendi

150 1851 269 1896 Ecclesiae
287 1852 313 1894 in
332 1864 356 1893 rc
374 1851 553 1897 matrimoniali,
565 1850 705 1903 praesertim
723 1860 779 1904 erga
798 1849 962 1900 subdiaconos,
978 1852 1019 1906 qui

150 1922 232 1962 contra
254 1929 371 1961 canonum
392 1917 539 1971 praescripta
559 1916 738 1959 matrimonium
767 1916 878 1966 inierunt,
907 1920 932 1959 et
965 1927 1019 1970 erga

153 1986 342 2039 consanguineos
355 1983 380 2026 in
393 1982 507 2037 gradibus
521 1982 648 2036 prohibitis
663 1983 809 2025 coniunctos

180 2052 271 2095 Notum
291 2054 328 2093 est
346 2063 360 2092 a
378 2053 484 2104 tempore
504 2048 608 2101 Gregorii
628 2047 700 2089 Vll
694 2061 719 2091 ΓΓΓ
738 2048 847 2092 Ecclesia
868 2050 1015 2093 Occidentali

148 2117 314 2161 introductam
329 2129 378 2159 esse
390 2118 474 2169 legem.
479 2115 610 2172 caelibatus
624 2127 666 2169 pro
681 2114 840 2166 subdiaconis,
855 2128 954 2170 eamque
968 2128 1015 2162 non

148 2310 244 2359 telligere
261 2310 320 2357 quod
337 2311 450 2356 episcopus
467 2307 573 2344 comisto
591 2308 764 2353 dispensaverit:
782 2308 840 2342 dicas
857 2309 916 2353 quod
931 2308 972 2344 hoc
982 2317 1017 2344 ex-

147 2371 232 2415 pressit,
244 2370 266 2403 et
278 2369 369 2403 scienter
380 2369 447 2403 etiam
458 2373 560 2401 excausa
569 2366 611 2400 hoc
620 2365 674 2400 iecit
682 2377 697 2401 n,
707 2384 734 2390 -
746 2364 807 2400 [dem
816 2365 877 2401 tenet
895 2366 1017 2410 Ancnrnra-

149 2436 226 2469 conus,
238 2425 316 2461 Comm.
327 2425 349 2459 in
362 2424 399 2468 VI,
409 2434 426 2460 Γ,
438 2423 471 2465 15,
482 2422 513 2457 De
522 2421 628 2464 electione,
640 2420 656 2464 Γ,
667 2421 686 2458 ὃ.

176 2484 205 2528 (i)
222 2483 348 2523 Dunnnrrs,
360 2490 378 2517 o,
391 2490 415 2525 Γ,
430 2481 442 2516 Γ.
456 2489 480 2523 Γ,
496 2479 505 2521 ξ
518 2478 538 2520 9,
550 2488 570 2515 v.
584 2478 690 2522 qualiter:
715 2477 860 2513 «Necessaria
872 2478 906 2511 est
918 2484 968 2521 ergo
981 2473 1021 2512 ex-'

145 2547 220 2584 pressa
230 2537 380 2583 dispensatio»
391 2538 421 2573 ΕΓ
431 2535 508 2571 deinde
517 2535 590 2578 arguit
600 2544 604 2568 ι
614 2533 735 2577 «Numquid
745 2534 858 2578 episcopus
867 2535 1016 2578 promovendo

145 2598 259 2641 indignum
272 2593 402 2637 intelligitur
415 2594 540 2636 dispensare
553 2600 601 2626 cum
612 2590 636 2626 ill
638 2591 666 2625 o‘l
679 2589 771 2625 Videtur
784 2590 842 2633 quod
853 2599 920 2627 non..
934 2598 1017 2635 semper

109 2662 112 2666 ’
147 2655 204 2689 enim
218 2645 301 2696 diceret
315 2651 428 2695 episcopus
441 2658 485 2684 non
499 2648 632 2692 dispensare,
646 2647 672 2681 ut
684 2655 727 2683 non
740 2646 877 2692 puniretur...
888 2648 932 2681 »et
944 2647 1015 2683 inira:

147 2711 197 2745 «Tu
210 2710 250 2752 dic,
264 2708 353 2752 quodsi
365 2708 479 2752 episcopus
493 2705 553 2755 dicat
564 2713 586 2740 se
599 2705 741 2748 dispensasse,
754 2712 798 2738 non
809 2703 843 2737 est
854 2703 873 2738 ei
883 2693 1017 2739 credendum

126 2756 128 2759 V
146 2766 188 2803 nisi
200 2766 301 2811 probet»,

142 2828 145 2831 ’
175 2818 468 2866 (2)Ancu1n1ncouus,cl.c.
570 2845 572 2848 .

89 2890 90 2893 ¹
144 2894 147 2897 ·
176 2877 207 2923 (3)
222 2877 313 2915 Novella
324 2886 404 2919 comm,
416 2874 444 2919 gl.
457 2875 514 2909 adc.
528 2872 547 2916 6,
560 2873 587 2918 X,
602 2872 633 2908 De
645 2872 702 2907 statu
714 2870 869 2915 monachorum,
884 2870 926 2915 ΙΙΙ,
939 2871 972 2910 35.

143 2942 145 2944 ·
174 2933 205 2979 (4)
220 2934 345 2976 Dunaurrs,
358 2942 376 2969 o.
391 2931 444 2976 Γ.,’1.
459 2940 482 2974 Γ,
500 2929 542 2973 §a
