2139 3277
259 201 293 240 bn
310 201 432 242 sumsero
451 200 554 244 Pnssrvo
570 190 772 244 br‘snuusnrroius
906 189 949 246 22'7

370 409 372 411 v
434 385 537 430 CAPUT
556 387 577 429 V

258 506 294 547 De
324 507 444 550 subiecto
473 511 580 563 passivo
598 511 822 566 ,dispensationis

110 623 227 685 Auctores
238 625 309 667 buius
321 626 436 678 temporis
448 625 510 670 hanc
523 626 689 679 quaestionem
700 627 725 670 in
738 627 816 681 specie
828 637 875 673 non
886 629 950 670 trac-

79 692 142 736 tant.
154 690 271 736 Attamen
283 704 312 733 ex
323 691 432 734 textibus
444 691 542 736 Ioannis
555 692 583 733 de
595 692 645 733 Deo
658 696 682 734 et
694 692 818 742 Durantis‚
831 693 950 747 quaedam

64 752 165 799 'deduci
194 761 303 811 possunt.
793 773 795 775 ’

112 823 132 865 1.
149 823 287 878 Antequam
306 824 491 869 determinemus
510 824 569 879 quid
589 819 720 874 docuerint,
741 827 837 879 oportet
854 825 952 877 indage-

79 901 132 933 mus
147 891 270 932 cuiumdm
283 890 406 945 potestatis
420 891 451 932 sii
466 892 531 932 acius
546 890 706 944 dispensandi.
717 892 891 934 Decretalistae
905 892 953 933 dis-

80 968 180 1009 pensare
189 971 230 1000 seu
238 958 346 1000 relaxare
354 959 429 1010 legem
437 957 462 1000 in
472 969 528 999 casu
537 957 685 1009 particulari,
695 958 758 999 sicut
767 957 840 1001 etiam
850 958 951 1001 condere

79 1023 154 1076 legem
173 1027 263 1067 vocant
282 1027 363 1066 actum
381 1023 511 1076 potestatis
529 1023 709 1079 iurisdictionis.
730 1024 769 1066 Ita
789 1024 899 1065 loannes
917 1035 951 1064 DE

81 1088 137 1131 Duo
150 1092 317 1143 argumentum
331 1092 415 1133 contra
427 1090 574 1142 potestatem
588 1089 742 1141 dispensandi
754 1090 950 1134 Patriarcharum

81 1155 153 1197 affert
185 1172 194 1193 u
206 1156 262 1209 quia
281 1155 373 1199 babent
392 1155 523 1198 limitatam
542 1155 751 1199 iurisdictionem»
763 1154 805 1209 (1).
828 1155 949 1209 Supponit

80 1221 180 1277 proinde
200 1221 403 1274 dispensationem
424 1233 473 1263 esse
494 1225 575 1264 actum
595 1221 775 1265 iurisdictionis.
797 1222 863 1280 Item
880 1223 950 1263 docet

80 1287 284 1341 archiepiscopum
303 1287 443 1340 regulariter
462 1297 510 1332 nou
529 1300 598 1341 posse
617 1279 756 1347 dispensare
773 1299 826 1331 cum
845 1287 951 1330 subditis

80 1353 293 1407 suffraganeorum,
308 1369 317 1392 n
328 1355 385 1407 quia
399 1364 446 1397 non
461 1356 497 1395 est
510 1353 584 1395 iudex
597 1354 692 1396 illorum
703 1369 718 1401 u,
745 1369 754 1392 <r
765 1365 819 1396 cum
833 1353 950 1407 episcopis

80 1422 169 1469 tamen,
184 1424 209 1462 et
222 1420 311 1461 clericis
325 1421 374 1462 suis
388 1419 547 1472 suffraganeis
560 1423 641 1472 potest
655 1420 799 1473 dispensare,
814 1432 884 1474 super
898 1420 951 1474 qni-

80 1486 125 1529 bus
139 1486 213 1528 habet
227 1487 372 1530 ordinariam
385 1486 576 1529 iurisdictionem
587 1503 596 1525 s
608 1485 650 1540 (2).

110 1555 132 1596 2.
155 1552 234 1605 Quoad
246 1563 357 1605 personas
372 1552 456 1596 deinde
471 1562 526 1605 erga
541 1552 655 1605 quasilla
669 1555 777 1606 potestas
793 1553 894 1595 exerceri
908 1565 951 1607 po-

79 1623 136 1669 test,
151 1622 216 1661 certa
228 1622 265 1661 est
278 1619 387 1663 doctrina
400 1629 494 1662 omnem
506 1619 652 1671 superiorem
664 1632 733 1673 posse
747 1621 884 1673 dispensare
896 1631 951 1662 cum

80 1686 191 1734 subditis,
205 1686 270 1729 intra
281 1685 342 1732 lines
354 1685 469 1726 territorii
483 1685 633 1738 degentibus.
647 1685 735 1729 Utrum
748 1686 825 1739 possit
837 1698 891 1729 cum
903 1685 951 1727 illis

81 1753 217 1805 dispensare
235 1752 291 1794 dum
309 1752 418 1795 existunt
435 1754 504 1793 extra
522 1751 583 1793 lines
600 1752 723 1800 territorii,
742 1752 781 1794 vel
799 1763 852 1796 cum
870 1752 952 1794 alieni-

81 1819 147 1871 genis
156 1818 181 1862 in
193 1830 234 1859 suo
245 1818 367 1859 territorio
380 1820 435 1859 actu
446 1816 596 1870 degentibus,
602 1829 655 1862 non
664 1819 740 1872 liquet
751 1819 836 1862 saltem
846 1831 875 1859 ex
884 1828 952 1871 regu·
1024 1842 1025 1845 =

80 1885 109 1926 lis
127 1897 185 1937 quas
203 1884 341 1926 canonistae
357 1884 459 1927 tradunt
474 1884 499 1927 in
514 1883 703 1928 tractationibus
721 1885 749 1926 de
766 1885 952 1938 dispensatione.

81 1951 197 1992 Attamen
212 1951 239 1991 de
254 1949 318 1992 lacto
334 1950 465 2002 generatim
481 1950 687 2003 dispensationem
698 1963 755 2004 prae
770 1951 843 1992 oculis
858 1949 951 1993 habent

81 2029 144 2071 quae
160 2027 214 2059 cum
229 2015 333 2057 subditis
348 2015 401 2064 liat,
412 2028 461 2058 uec
476 2016 551 2059 ullam
567 2016 661 2060 addunt
675 2017 851 2059 restrictionem
868 2016 948 2070 quoad

80 2083 236 2125 territorium.
251 2082 296 2124 Sed
308 2082 370 2123 ratio
385 2081 512 2124 dubitandi
526 2094 583 2126 num
596 2093 651 2125 vere
664 2082 805 2127 admiserint
819 2082 952 2136 dispensari

80 2161 149 2203 posse
162 2161 215 2191 cum
226 2148 315 2190 talibus
329 2149 370 2202 qui
382 2150 509 2192 versantur
528 2151 598 2191 extra
615 2149 771 2200 territorium,
790 2150 908 2202 reperitur
926 2148 952 2190 in

81 2210 243 2261 controversia
252 2218 311 2258 tunc
321 2214 446 2264 existente,
466 2215 494 2256 de
504 2217 626 2268 potestate
636 2216 737 2268 praelati
748 2215 890 2258 absolvendi
897 2226 953 2257 suos

81 2286 150 2324 extra
165 2281 281 2322 territorii
297 2280 359 2324 fines
376 2284 559 2325 commorantes,
578 2281 610 2322 Et
628 2283 725 2335 qui-dem
743 2283 859 2335 putamus
877 2293 950 2322 exeo

82 2348 146 2403 quod
161 2347 240 2401 plures
254 2347 317 2391 hanc
331 2350 479 2400 potestatem
495 2350 584 2400 negant
598 2348 623 2391 in
638 2348 740 2390 materia
756 2346 921 2395 absolutionis,
938 2359 952 2388 a

80 2414 174 2456 fortiori
191 2425 259 2466 posse
277 2405 385 2456 cencludi
402 2426 441 2455 eos
458 2413 532 2456 etiam
550 2413 754 2466 dispensationem
771 2413 887 2456 cumillis
903 2424 951 2455 non

82 2479 259 2524 admitterelta
276 2480 405 2521 Dunnnrrs
422 2479 545 2522 examinat
560 2491 618 2523 uum
631 2480 726 2533 regatus
742 2496 751 2518 (ι
763 2480 801 2521 cui
816 2479 952 2533 specialiter

80 2547 203 2589 indultum
215 2548 250 2586 est
263 2559 292 2588 ex
303 2545 384 2587 officio
396 2546 523 2598 legationis
534 2545 579 2587 sibi
592 2547 738 2595 commissae,
751 2548 778 2587 ut
791 2557 844 2588 cum
856 2557 951 2588 excom-

81 2607 217 2659 municatis,
232 2612 273 2665 qui
284 2612 367 2653 illicite
380 2624 446 2654 sacra
459 2611 610 2655 celebrarunt
622 2614 647 2653 et
657 2613 711 2655 ideo
724 2611 783 2655 facti
795 2615 853 2656 sunt
863 2613 953 2665 irregu-

28 2714 33 2728 ,
81 2679 150 2728 lares
158 2679 240 2721 valeat
249 2678 385 2731 dispensare
395 2693 411 2726 r,
432 2678 505 2721 etiam
514 2678 651 2732 dispensare
658 2680 734 2733 possit
743 2689 797 2721 cum
805 2678 954 2720 scholaribus

58 2896 59 2899 ,
111 2864 144 2908 (1)
157 2864 219 2899 Liber
231 2862 425 2908 dispensationum,
441 2862 450 2905 ξ
464 2861 518 2898 6.De
531 2860 587 2905 disp.
601 2854 780 2906 patriarcharum,
793 2859 833 2895 Ms.
847 2859 883 2895 cit.
896 2858 953 2896 Bibl.

82 2919 152 2956 Bonn.
164 2930 184 2956 n.
197 2920 243 2963 724,
255 2920 293 2956 iol.
305 2919 351 2961 52V,
362 2917 400 2954 col.
418 2917 434 2954 1.

111 2975 142 3021 (2)
158 2975 272 3018 111111·ξῖΙ
286 2976 316 3011 De
329 2975 385 3019 disp.
399 2974 612 3018 creniepiseoporum,
626 2981 665 3009 ms.
681 2972 718 3008 cit.
731 2971 768 3009 tol.
783 2971 827 3007 52V.
840 2970 880 3008 col,
893 2970 913 3008 2.
