2182 3277
28 163 30 167 V
87 185 88 188 ’
110 156 175 237 2611
207 215 214 236 Ἴ,
235 145 240 222 ¹.
382 205 384 207 -
500 192 626 225 aeranem
650 167 673 204 ’-

49 314 54 334 2
86 308 88 311 ’
107 354 109 356 ‚
131 299 287 348 necessitatis,
301 309 349 345 non
361 302 443 344 tamen
456 299 599 350 omnimodo,
610 303 666 345 eum
676 310 724 346 non
737 300 854 355 recipiunt
868 301 988 359 dispensa
1004 308 1013 315 ”’

16 374 20 377 ’
75 391 77 394 -
130 366 262 410 tionem-ex
273 368 300 409 e'a
310 370 378 421 parte
390 378 437 421 qua
448 367 625 412 communicant
636 367 746 411 cumillis
756 370 884 421 quaesunt
895 363 986 425 primae
997 389 1001 393 -

112 455 113 458 =
131 432 279 476 necessitatis
287 447 296 469 11
307 431 348 486 (1).
362 432 427 476 Haec
440 433 523 475 divisio
535 437 714 488 praeceptorum
720 433 897 479 iurisnaturalis
909 444 990 476 seeun-
1024 433 1034 471 s

105 515 107 521 ,
133 499 189 542 dum
202 499 302 552 gradum
316 500 466 543 necessitatis
480 513 494 542 a
507 498 707 555 subsequentibus
721 499 926 553 theologismagis
940 500 988 543 elu-
1022 496 1025 500 ’
1041 502 1054 522 ⁵

132 564 232 614 cidatur,
249 565 431 618 etprasesertim
447 579 461 608 a
476 565 497 607 S.
508 565 600 609 Thema
615 566 741 615 stabilitur,
758 579 810 610 cum
824 566 945 621 principiis
961 568 989 609 dc
1010 559 1017 616 ᾗ
1044 609 1061 616 „

133 631 309 688 dispensatione
320 623 345 676 in
356 631 409 673 illis.
858 631 861 634 ’
969 668 973 670 ,.

162 697 184 739 3.
200 697 332 746 Annnnrus
353 695 540 753 necutisqui
554 700 610 741 dum
632 699 708 753 prima
731 714 773 743 sua
795 712 865 756 opera
887 699 988 744 conscri-

132 763 206 808 bebat
215 766 321 809 nondum
332 765 489 819 cognoscebat
498 766 630 809 versionem
640 766 740 811 latinam
751 766 850 810 Ethicae
861 766 890 808 ad
900 766 988 808 Nieho'-

14 838 16 840 '
43 871 46 875 f
114 831 243 889 maelium
252 831 392 884 Aristotelis,
403 831 515 875 methodo
524 830 817 885 iuridico-practica‘plura
826 832 897 874 solvit
908 832 949 886 (2).
962 826 990 876 In
1020 862 1023 863 ν

133 910 177 941 sua
189 898 336 951 expositione
349 899 377 939 de
388 897 603 953 legibus-explieat,
616 901 644 941 ut
657 899 793 942 canonistae
805 898 917 947 fecerant,
930 896 990 953 que-
1017 916 1021 918 “

104 1009 106 1012 ⁴
132 965 202 1005 modo
211 963 387 1016 distinguantur
395 965 434 1005 1111
442 964 564 1013 naturalis,
579 965 617 1006 lex
629 963 718 1019 Moysis
728 967 751 1006 et
759 965 798 1006 lex
807 964 988 1007 Christi-Docet
1052 959 1054 963 ’

133 1031 210 1073 Deum
223 1029 301 1085 alique
314 1031 384 1074 modo
397 1042 465 1085 posse
478 1031 612 1085 dispensare
624 1030 648 1074 in
660 1031 710 1073 11111
722 1031 826 1075 staturati
839 1031 898 1072 etin
911 1032 986 1074 Dcca÷

132 1097 191 1150 logo.
203 1096 302 1150 Insuper
311 1107 393 1137 itonam
402 1095 560 1149 definitionem
573 1096 755 1150 dispensationis
764 1097 883 1151 proponit,
904 1091 989 1151 nempe
1026 1143 1028 1145 ,
1058 1149 1060 1151 ,

78 1177 82 1181 ·
133 1161 321 1205 «relaxationem
335 1162 393 1207 iuris
405 1162 430 1206 in
443 1174 512 1216 opere
527 1163 555 1203 de
569 1175 639 1204 causa
652 1162 768 1205 utilitatis
780 1163 819 1205 vel
832 1163 988 1214 necessitatis>

132 1241 174 1283 per
188 1228 309 1283 quamius
322 1228 347 1271 in
361 1240 431 1282 opere
444 1229 577 1271 relaxatum
590 1228 809 1284 recompensabitur
818 1244 833 1270 o.
849 1228 893 1270 Est
906 1245 915 1266 11
925 1230 983 1273 rela-

133 1294 199 1338 xatio
210 1294 268 1337 iuris
278 1294 303 1339 in
315 1306 384 1348 opere
394 1310 403 1333 1
415 1295 471 1349 quia
482 1310 491 1332 «
501 1296 525 1337 in
537 1294 585 1336 tine
597 1297 621 1336 et
632 1295 765 1339 intentione
777 1305 824 1340 nen
835 1297 916 1348 potest
926 1297 987 1345 rel-a->
1008 1292 1010 1294 ’
1027 1303 1031 1305 ’
1043 1302 1046 1304 ’

133 1360 185 1404 sari
200 1372 243 1405 nec
259 1360 389 1421 dispensari
398 1377 407 1400 1)
419 1360 460 1414 (3).
486 1361 548 1402 Alibi
565 1361 668 1404 declarat
684 1359 878 1413 dispensationem
896 1361 919 1402 in
936 1363 987 1403 noto
1029 1386 1033 1388 >
1066 1418 1069 1421 Δ

162 1535 193 1580 (1)
209 1536 230 1571 0.
245 1545 269 1577 c„
285 1535 297 1571 1,
311 1544 334 1578 a,
347 1534 383 1571 iol:
399 1535 453 1577 1552
467 1534 504 1570 col.
519 1535 537 1570 3.
551 1547 558 1566 1
569 1535 757 1578 Quamvis-autem
771 1533 901 1579 dispensatio
913 1538 988 1581 petest
1044 1525 1046 1527 ¹

134 1592 182 1627 tien
191 1593 212 1626 et
221 1592 276 1627 circa
285 1590 321 1626 illa
330 1600 385 1635 quae
395 1592 446 1626 sunt
455 1592 561 1629 secundae
569 1592 710 1633 necessitatis,
719 1601 763 1635 non
772 1593 847 1629 tamen
856 1592 989 1635 omnimodo,
1057 1619 1059 1622 ,

137 1657 186 1684 cum
197 1657 239 1683 non
251 1648 358 1692 recipiunt
371 1647 553 1691 dispensationem
565 1657 591 1681 ex
603 1656 627 1682 ea
637 1643 700 1692 parte
712 1656 755 1691 qua
767 1648 927 1683 communicant
939 1658 989 1683 cum

134 1704 175 1740 illis
183 1712 237 1748 quae
245 1704 295 1738 sunt
301 1705 383 1748 primae
389 1703 530 1739 necessitatis.
540 1702 579 1737 illa
586 1703 642 1737 enim
649 1704 700 1738 sunt
706 1704 787 1748 primae
794 1703 928 1739 necessitatis
935 1714 990 1748 quae

135 1771 148 1796 a
161 1760 265 1805 principio
280 1759 408 1795 naturaliter
423 1759 525 1805 obligant,
541 1760 562 1792 et
576 1760 597 1793 in
611 1759 703 1803 generali
712 1760 734 1794 et
744 1760 765 1794 in
776 1753 868 1804 speciali.
886 1759 924 1797 Illa
939 1763 990 1795 sunt
1065 1795 1072 1805 s,

136 1817 241 1852 secundae
250 1816 384 1853 necessitatis
394 1824 448 1862 quae
457 1825 470 1850 a
479 1815 583 1860 principio
594 1817 615 1849 et
623 1815 752 1850 naturaliter
760 1815 857 1859 obligant
865 1816 887 1850 in
896 1816 990 1860 generali
1048 1815 1049 1818 ’

136 1874 173 1908 sed
183 1873 257 1908 nonin
268 1871 354 1918 speciali
363 1882 368 1914 3
378 1874 404 1907 ut
414 1872 532 1907 satisfactio
543 1880 581 1915 pro
591 1872 685 1915 peccatis
695 1873 729 1906 est
738 1873 844 1907 secundae
854 1873 990 1908 necessitatis

136 1930 158 1963 et
168 1929 250 1973 obligat
260 1927 388 1963 naturaliter
398 1938 411 1963 a
421 1928 525 1972 principio
536 1928 558 1962 in
569 1927 674 1972 generali3
687 1937 754 1972 quum
765 1928 907 1963 necessarium
918 1929 947 1963 sit
957 1939 989 1964 sa·
1051 1966 1055 1971 ,

135 1986 212 2021 tisiieri
221 1993 260 2030 pro
270 1985 365 2030 peccatis
376 1985 398 2018 et
408 1983 461 2019 illud
471 1994 513 2019 non
524 1982 601 2028 recipit
612 1984 800 2029 dispensationem,
813 1983 913 2030 qnoniam
925 1985 988 2021 horno
1042 1981 1046 1994 ²
1077 1990 1082 1993 “

137 2052 179 2077 non
193 2042 267 2087 potest
280 2042 409 2085 dispensare.
424 2040 470 2075 Nee
482 2040 540 2077 Deus
553 2041 626 2085 Potest
640 2042 690 2084 quia
703 2039 816 2082 non'vult,
830 2040 932 2084 quoniam
946 2051 989 2076 non
1015 2067 1016 2070 η
1044 2038 1047 2075 ζ
1070 2042 1082 2087 ᾗ

136 2099 210 2144 potest
217 2105 294 2141 negare
302 2096 410 2132 iusticiam
419 2092 488 2139 suain,
498 2105 565 2140 quum
574 2105 616 2132 non
624 2097 698 2141 potest
707 2105 783 2141 negare
793 2105 820 2137 se,
830 2097 856 2130 ut
865 2097 918 2131 dicit
927 2106 996 2142 apos-¹
1022 2114 1044 2142 4·
1057 2140 1061 2142 ¹

137 2153 201 2189 tolus.
212 2153 236 2189 In
243 2152 330 2198 speciali
337 2154 411 2188 autern
419 2162 462 2188 non
470 2152 552 2196 obligat
559 2162 572 2187 a
579 2153 682 2197 principio
690 2161 729 2188 nee
737 2151 864 2190 naturaliter
871 2152 924 2188 illud
932 2154 991 2197 quod

135 2210 214 2254 aliquis
223 2211 298 2245 teneat
308 2209 430 2245 satisfacere
440 2209 480 2243 hae
490 2208 637 2243 satisfactione
647 2208 680 2244 vel
689 2208 731 2244 illa.
744 2209 803 2244 Haec
813 2209 867 2243 esta
877 2207 992 2245 voluntate

136 2267 253 2303 sacerdotis
262 2265 393 2310 iniungentis
402 2265 566 2309 poenitentiam,
576 2265 598 2298 et
605 2263 740 2308 illudreoipit
748 2264 928 2308 dispensationem
938 2276 943 2308 ς
954 2275 991 2309 po·
1029 2288 1031 2291 -

137 2324 181 2358 test
192 2323 249 2357 enim
261 2321 394 2357 commutare
406 2321 505 2356 sacerdos
517 2321 554 2364 qui
564 2320 664 2364 iniungit,
676 2320 710 2355 vel
720 2322 809 2365 propter
820 2319 945 2363 utilitatem,
957 2320 992 2357 vei
1014 2321 1016 2324 ”
1051 2315 1067 2364 j

135 2379 224 2424 propter
238 2379 395 2422 necessitatem,
411 2377 467 2412 sicut
480 2376 563 2412 iaciunt
578 2370 701 2411 sacerdotes
713 2377 799 2420 quando
816 2377 869 2411 dant
881 2376 993 2420 licentiam

137 2435 263 2470 comedendi
274 2443 346 2470 carnes
358 2434 380 2469 in
392 2434 426 2468 die
438 2428 576 2468 mercurii'eis
587 2434 626 2476 qui·
635 2430 780 2467 interfuerunt
792 2432 868 2467 divinis
880 2433 958 2468 otiieiis
967 2447 980 2470 s,
1006 2455 1009 2457 -

164 2490 194 2535 (2)
211 2491 241 2527 Cf.
252 2490 386 2532 aasentias,
397 2491 436 2525 art.
446 2490 488 2531 cit,
497 2498 518 2533 p.
528 2488 594 2533 susq.
877 2519 884 2525 1,
1001 2520 1008 2533 ,,
1037 2485 1039 2487 ’

164 2547 194 2592 (3)
209 2547 353 2583 «Notandum
363 2546 396 2580 est
405 2553 461 2590 ergo,
472 2546 530 2589 qued
540 2544 671 2589 dispensatio
695 2545 728 2578 est
736 2542 840 2593 relaxatio
850 2544 902 2578 iuris
911 2545 934 2580 in
942 2554 992 2590 ope-

136 2613 165 2646 re,
176 2603 249 2647 aliqua
262 2604 287 2638 dc
299 2612 363 2639 causa
374 2601 477 2637 utilitatis
488 2601 521 2637 vel
532 2601 673 2643 necessitatis,
684 2609 799 2645 perquam
809 2601 842 2636 ins
853 2601 875 2635 in
886 2610 949 2646 opere
959 2610 991 2636 re-

136 2660 235 2696 laxatum
244 2659 448 2703 recompensabitur.
460 2659 512 2692 Dteo
523 2658 597 2692 autem
608 2667 611 2691 :
622 2656 725 2692 relaxatio
736 2658 787 2692 iuris
797 2657 819 2691 in
829 2658 960 2702 operaenim
969 2658 991 2693 in

136 2717 214 2752 finees
224 2715 344 2752 intentione
356 2725 399 2751 non
410 2715 484 2759 potest
494 2713 584 2752 relaxari
595 2712 635 2749 'nec
647 2714 770 2758 dispensari.
783 2713 841 2748 Finis
853 2714 909 2748 enim
921 2715 1002 2758 operis
1036 2719 1040 2720 ⁷
1054 2709 1056 2711 ’

137 2773 170 2807 est
179 2773 294 2807 honestum
304 2773 326 2807 et
336 2773 411 2807 decens
422 2772 444 2805 et
452 2772 540 2812 hortum,
551 2771 573 2804 et
582 2771 657 2805 eontra
666 2766 732 2805 linem
742 2770 800 2805 hunc
809 2779 851 2805 non
860 2770 935 2813 potest
943 2770 999 2813 iteri
1050 2798 1053 2802 .

137 2829 275 2874 dispensatio,
288 2830 338 2873 quia
349 2829 367 2863 si
378 2828 436 2863 Deus
448 2827 587 2874 dispensaret,
599 2828 624 2862 ut
634 2825 716 2870 aliquid
726 2826 789 2860 fieret
799 2835 841 2860 non
852 2825 910 2861 bena
922 2825 992 2862 inten-

136 2886 201 2926 tione,
216 2894 254 2932 nec
267 2885 355 2930 propter
368 2884 449 2919 bonum
463 2883 485 2917 et
498 2882 597 2927 seipsum,
613 2883 746 2927 dispensaret
760 2882 836 2918 contra
850 2881 956 2927 seipsum,
971 2879 994 2916 e't

136 2941 192 2989 esset
201 2950 268 2978 unum
277 2950 330 2987 opus
340 2939 472 2977 eontrarium
481 2938 516 2974 aiii
525 2938 583 2984 operi
593 2946 652 2989 suo..
663 2939 705 2987 Sed
714 2937 825 2982 dispensat
834 2937 891 2984 Deus
901 2938 926 2985 de
935 2939 988 2987 aetii
1006 2958 1015 2965 κ
1067 2944 1075 2950 ⁸
