2182 3277
116 175 145 219 72
188 190 221 219 DE
229 189 462 220 DISPENSATIONIBUS
471 189 487 218 A
497 189 563 219 SAEG.
572 189 590 218 X
599 188 631 217 AD
640 188 774 218 DECRETUM
784 189 901 219 GRATIANI

116 296 177 339 disse
195 297 321 350 episcopos,
342 295 451 348 quisine
469 293 583 337 facultate
603 293 710 347 delegata
728 293 912 348 dispensabant;
942 297 970 338 et,

115 375 202 416 poenas
222 366 302 406 eontra
320 362 458 404 «invasores
477 356 546 405 alieni
564 361 622 403 iuris
631 376 639 399 u
659 355 827 409 eomnrinasse;
847 362 888 403 sed
907 361 965 404 satis

54 471 56 473 ,
115 429 260 472 ostendimus
276 426 328 470 ΒΗ.
345 425 474 469 Pontifices
491 428 518 468 de
533 426 597 470 facto
614 427 743 469 exercuisse
758 428 794 468 ius
811 427 962 481 dispensandi

115 506 250 548 supremum
262 497 286 535 et
298 491 464 542 universale,et
476 493 500 535 in
513 492 619 548 pluribus
631 494 680 537 iarn
692 493 823 536 uindicasse
835 493 871 536 ius
885 493 964 536 exolu-

113 561 191 603 sivum
202 559 243 614 (t).
949 572 951 574 ·
980 570 982 572 ’

142 627 164 668 4,
181 625 322 668 Fnssnounrs
333 624 366 680 (2)
378 625 421 668 sub
432 625 524 669 influxu
534 624 658 667 Boehmeri
670 630 694 668 et
707 626 884 676 Gallicanorum,
897 626 963 668 theo-

112 694 160 736 riae
173 693 320 735 Thomassini
334 692 410 735 aliena
423 692 517 741 addens,
532 691 638 746 affirmat
650 686 727 745 ipsum
741 706 878 736 eonsensum
904 694 963 747 epis·
1001 726 1003 728 .

112 772 231 813 ooporurn,
248 760 294 801 suis
308 758 399 801 iuribus
414 757 721 806 renuntiantium‚tribuisse
736 758 788 800 RR.
804 759 961 803 Pontificibus

112 828 264 879 potestatem,
279 836 334 877 quae
347 834 373 865 ee
385 824 463 865 neiiuo
477 823 524 864 iure
537 822 566 864 od
579 822 632 864 illos
644 835 690 867 non
703 824 835 877 pertinebat.
851 826 960 870 Sufficiat
1000 823 1001 826 ’

112 895 213 941 notasse,
230 891 282 933 RR.
299 890 427 933 Pontifices
443 890 490 932 iarn
507 903 520 932 a
535 889 627 931 saeculo
646 888 678 931 IV
693 889 750 931 iliud
765 889 958 942 iusexereuisse3

111 970 180 1012 saepe
191 957 381 1010 dispensationes,
392 955 421 999 ab
431 955 545 1009 episcopis
554 955 648 1008 petitas,
659 954 783 1008 denegasse
794 969 799 1004 ;
808 960 833 998 et
841 958 961 1011 episcopos

110 1036 179 1077 saepe
202 1022 285 1064 inuitos
307 1022 459 1064 eonsentiisse
480 1022 505 1064 in
526 1022 710 1064 reservationem
730 1021 787 1064 iuris
809 1022 960 1076 dispensandi

111 1090 140 1131 R.
164 1086 329 1141 Pontificio).
356 1103 358 1106 ⁴
442 1079 444 1082 ’
613 1131 615 1135 ,
930 1101 932 1105 ⁴

134 1294 165 1339 (1)
181 1292 211 1329 Cf.
227 1300 296 1336 supra,
308 1301 329 1336 p.
344 1292 375 1327 62.

136 1350 167 1394 (2)
183 1349 213 1385 Cf.
225 1348 359 1399 Pannonius,
370 1357 388 1383 o.
400 1356 424 1389 n,
435 1349 451 1383 t.
466 1346 481 1389 1,
493 1356 510 1383 e.
521 1346 571 1389 VII,
586 1347 625 1390 §e
639 1347 669 1382 De
682 1347 760 1382 iuribus
773 1349 922 1393 episcoporum.
934 1370 962 1377 --

109 1405 212 1452 Apologia
224 1404 321 1439 Febronii
333 1403 428 1438 aduersus
441 1403 527 1447 quatuor
540 1403 638 1445 theoloqos
652 1403 752 1442 Iohannis
764 1413 777 1438 α
791 1405 869 1447 Colore,
893 1407 909 1442 t.
927 1406 958 1449 ΙΙ,

108 1473 128 1508 p.
145 1461 192 1497 318.
208 1479 236 1486 —-
249 1461 367 1502 Zenonem,
391 1457 548 1504 Antisebronr'us
563 1459 687 1502 uindicatus,
702 1461 723 1495 in
738 1461 820 1503 Minue,
838 1461 956 1505 Theoloqiae

110 1527 182 1554 cursus
195 1516 307 1560 computus
326 1518 342 1552 t.
356 1516 388 1558 27,
401 1516 440 1551 eol.
454 1515 493 1551 984
505 1524 551 1559 sqq.

136 1574 167 1620 (3)
182 1573 301 1615 Zaconnra,
312 1582 330 1608 ο.
342 1581 365 1614 e„
376 1580 394 1607 e.
408 1571 444 1614 Iu,
455 1582 475 1608 n.
487 1571 506 1613 3,
516 1571 555 1607 eol.
568 1570 613 1606 986,
