2139 3277
74 221 101 238 „
167 186 172 189 ”
200 193 836 239 nocuerimsciretisriconuu.rosruniorusiuratis
885 189 928 233 259

77 306 126 363 rale
138 309 162 350 et
174 301 287 359 divinum,
301 309 429 354 Gulielmus
442 300 554 365 explicite
564 299 666 365 inquirit
677 321 737 364 quae
749 309 782 352 sit
794 308 929 354 differentia

78 372 137 414 inter
146 376 267 428 praecepta
280 376 334 430 lepis
345 367 463 419 naturalis
476 379 496 417 et
510 376 682 429 lapisdiuinde:
708 376 837 420 canonistis
850 376 929 420 forsan

37 496 39 498 Ι
78 440 198 485 alludens:
214 457 223 480 «
232 442 382 496 quibusdam,
401 442 441 491 ait,
457 443 552 485 videtur
567 445 632 498 quod
648 443 712 486 nulla
728 443 767 492 sit,
784 443 824 502 sed
848 444 929 487 tamen

21 529 28 537 ·-
76 517 124 551 non
135 510 190 551 sunt
203 510 283 559 eadem
296 509 434 558 formaliter,
444 510 483 551 sed
491 510 652 559 materialiter,
666 513 774 553 tenemur
787 508 850 553 enim
863 520 930 563 prae-

76 575 145 627 cepta
157 575 217 628 legis
226 574 320 618 divinae
330 575 458 629 adimplere
467 587 495 617 ex
503 576 603 618 caritate
612 591 621 614 l)
632 575 672 630 (1).
690 575 822 618 Secundum
836 574 929 618 metho-

76 639 132 683 dum
149 653 190 683 suo
206 645 312 694 ternpore
327 644 475 695 usurpatam,
490 642 614 695 proposita
630 642 767 697 quaestione
784 644 864 684 utrum
882 641 928 682 dis·
967 643 969 647 ’

38 736 49 763 4
74 707 183 758 pensatio
193 707 270 759 possit
279 706 332 748 fieri
342 699 471 751 contraius
480 710 594 766 naturale
605 708 680 761 primo
692 710 774 751 contra
784 707 926 750 sententiam

55 779 61 784 ’·
75 771 234 817 affirmantem
247 772 342 816 invocat
357 774 523 816 auctoritatem
538 773 652 822 Gratiani,
667 774 708 827 qui
722 774 771 815 ait:
786 789 794 811 r
805 773 845 815 Ius
858 775 927 817 natu-

50 837 58 878 s
74 839 129 887 rale,
141 840 205 892 quod
215 839 240 884 in
250 838 310 892 Lege
322 841 346 880 et
358 840 488 893 Evangelio
501 840 643 889 continetur,
654 851 701 883 non
712 839 820 882 admittit
831 839 926 892 dispen-

74 905 215 948 sationem».
230 906 344 954 lamvero,
357 906 443 959 pergit,
455 908 583 961 praecepta
594 906 652 949 iuris
663 905 779 950 naturalis
792 907 848 949 sunt
859 917 925 958 prae-

73 974 145 1027 cepta
157 971 247 1014 Veteris
262 974 285 1012 et
300 971 361 1014 Novi
376 972 529 1017 Testamenti.
540 973 601 1026 Ergo
615 972 710 1015 videtur
725 971 925 1025 dispensationem

71 1037 155 1092 inillis
168 1047 215 1083 non
227 1050 295 1091 posse
307 1037 367 1079 ficri.
381 1038 418 1080 Ad
430 1038 492 1081 hanc
505 1038 675 1082 difficultatem
688 1038 825 1082 solvendam
839 1037 925 1080 dividit

72 1102 152 1148 omnia
163 1105 295 1157 praecepta,
310 1107 333 1146 et
344 1104 403 1159 iuris
415 1097 531 1147 naturalis
554 1107 579 1146 et
599 1104 704 1158 positivi,
725 1103 750 1147 in
770 1103 850 1146 varias
873 1116 924 1156 spe·

71 1171 118 1212 cies
132 1169 254 1211 secundum
267 1169 361 1222 pradum
376 1170 518 1211 necessitatis
532 1183 579 1225 quo
594 1171 745 1224 adimplenda
759 1172 822 1212 sunt.
850 1168 922 1211 Porro

70 1237 219 1290 quadruplex
234 1238 314 1290 potest
323 1249 371 1278 esse
382 1237 441 1280 haec
457 1237 584 1282 necessitas
595 1236 636 1291 (2).
654 1235 765 1280 «Primae
776 1235 925 1281 necessitatis

71 1305 127 1347 sunt
136 1302 184 1348 sine
194 1303 280 1357 quihus
289 1314 336 1347 non
346 1304 452 1346 salvatur
463 1303 592 1346 similitudo
602 1303 653 1351 Dei,
663 1303 725 1346 sicut
735 1302 829 1356 diligere
838 1302 922 1345 Deum.

71 1369 159 1413 Contra
175 1369 223 1413 ista
240 1380 287 1415 non
304 1371 386 1423 potest
402 1369 456 1411 fieri
474 1370 628 1423 dispensatio,
647 1368 758 1423 quoniam
785 1369 856 1411 homo
875 1377 922 1413 non

32 1459 35 1463 ,
69 1438 150 1489 potest
166 1436 307 1489 dispensare,
323 1445 366 1480 nec
380 1436 445 1479 Deus
458 1437 512 1478 vult
528 1437 670 1490 dispensare.
688 1435 808 1479 Secundae
823 1436 923 1479 necessi-

70 1503 130 1545 tatis
146 1505 201 1547 sunt
210 1514 276 1556 vquae
289 1502 373 1547 valent
389 1503 419 1545 ad
434 1498 639 1547 conservationem
653 1501 817 1545 similitudinis
831 1501 884 1551 Dei,
901 1503 925 1543 et

70 1569 101 1610 ad
118 1571 270 1621 augmentum
287 1569 402 1620 caritatis,
418 1571 499 1613 tamen
516 1568 566 1613 sine
581 1568 628 1611 illis
639 1562 717 1628 potest
735 1568 821 1610 salvari
837 1568 924 1610 caritas

69 1638 94 1676 et
105 1635 235 1677 similitudo
247 1635 299 1682 Dei,
312 1635 374 1677 sicut
386 1637 422 1677 est
433 1647 481 1677 esse
492 1635 587 1678 unicam
598 1634 670 1679 unici.
683 1634 775 1678 inistis
785 1637 865 1687 potest
877 1634 923 1676 dis-

68 1702 169 1754 pensari,
184 1703 208 1743 et
221 1701 310 1743 inistis
323 1700 439 1744 Dominus
454 1701 601 1754 dispensavit
610 1713 663 1745 cum
673 1701 762 1744 multis.
776 1699 870 1743 Tertiae
883 1713 923 1743 ne-

68 1768 187 1810 cessitatis
196 1769 251 1810 sunt
260 1779 321 1821 quae
331 1767 540 1812 ex-actuhumano
555 1767 669 1820 obligant,
683 1769 711 1810 ut
722 1769 833 1810 votum».
847 1765 921 1810 Tenet

66 1836 152 1887 votum
175 1834 334 1877 continentiae
356 1836 403 1878 non
426 1834 552 1877 admittere
575 1834 784 1888 dispensationem,
808 1836 832 1875 et
853 1834 922 1875 reicit

68 1903 148 1944 casum
159 1899 276 1948 monachi,
288 1901 330 1954 qui
340 1912 383 1953 pro
394 1899 456 1942 bono
470 1898 536 1942 Fidei
546 1913 589 1942 rex
601 1899 671 1942 dehet
681 1899 742 1948 fieri,
755 1899 800 1941 etsi
811 1915 820 1937 r
829 1900 853 1941 in
865 1912 921 1942 casu

65 1968 105 2009 illo
121 1977 168 2011 non
182 1967 303 2011 invenitur
318 1966 447 2009 Ecclesiam
460 1967 616 2020 dispensasse,
633 1968 673 2008 sed
687 1966 746 2009 hene
760 1966 881 2024 invenitur
894 1966 919 2009 in
983 1978 985 1980 ·

18 2062 20 2064 ·
66 2033 148 2076 multis
162 2032 336 2074 dissimulasse»
347 2032 389 2085 (3).
418 2032 683 2083 Quartae'necessitatis
697 2035 759 2080 sunt,
774 2044 835 2086 quae
849 2034 920 2075 eccle-

32 2141 37 2145 ,
65 2100 114 2142 siae
127 2098 265 2146 instituunt,
281 2099 329 2141 scil.
344 2110 406 2152 quae
420 2099 550 2142 instituunt
564 2098 638 2152 Papa,
655 2101 697 2141 aut
711 2098 879 2152 archiepiscopi
894 2099 918 2143 in

20 2169 24 2209 ζ
64 2165 188 2219 provincia
199 2177 247 2213 sua,
260 2166 302 2207 aut
315 2165 418 2218 episcopi
429 2165 453 2207 in
466 2165 565 2221 dioecesi
577 2178 626 2213 sna,
639 2167 681 2207 aut
692 2163 766 2207 abhas
777 2164 800 2207 in
812 2163 917 2213 abbatia,

66 2235 90 2275 et
99 2233 123 2275 in
131 2229 291 2285 isus'possunt
301 2231 437 2284 dispensare
446 2231 491 2284 ipsi
500 2231 657 2275 institutores.
668 2229 773 2273 Ulterius
781 2234 862 2273 tamen
873 2232 920 2273 dis-

64 2298 227 2353 pensationem
240 2298 264 2341 in
278 2297 412 2350 praeceptis
426 2298 542 2341 secundae
555 2298 704 2341 necessitatis
716 2297 845 2350 restringit,
862 2309 917 2340 nam

64 2381 73 2404 1
83 2364 192 2419 quamvis
207 2363 350 2417 dispensatio
366 2366 446 2416 potest
460 2363 512 2406 fieri
527 2364 589 2406 circa
602 2364 643 2407 illa
656 2375 717 2418 quae
731 2364 788 2407 sunt
801 2365 917 2408 secundae
986 2423 987 2426 Ἰ

65 2582 67 2585 ⁴
94 2561 127 2606 (ll
138 2539 200 2602 rua,
209 2559 273 2597 tertia
281 2559 381 2603 quaestio
390 2558 480 2604 capituli
487 2559 557 2604 primi.

93 2617 123 2662 (2)
140 2615 200 2658 ibid,
212 2615 289 2660 quinta
302 2615 400 2659 quaestio
413 2624 460 2660 cap.
472 2616 542 2659 primi.

36 2663 37 2666 ¹
93 2673 122 2718 (3)
138 2673 200 2708 Unde
209 2671 348 2710 confirmatur
356 2671 547 2709 authenticitatem
555 2655 685 2709 reiciendam
693 2680 737 2706 esse
746 2671 853 2707 dictorum
862 2682 917 2717 quae
982 2686 983 2689 ¹
1019 2670 1022 2672 ’

64 2728 165 2766 Auselmo
177 2728 314 2766 Laudunensi
325 2727 490 2770 adscribuntur;
504 2729 530 2764 ct.
543 2737 615 2773 supra,
626 2736 646 2772 p.
655 2727 701 2764 255.
714 2727 831 2763 Guilelmus
843 2728 877 2763 hic
887 2729 917 2766 al-

64 2786 138 2825 ludere
150 2784 235 2821 videtur
248 2783 390 2819 decretalibus
402 2783 519 2829 Alexandri
533 2784 573 2826 Ill,
589 2785 614 2819 de
627 2784 703 2828 quibus
716 2784 797 2828 egimus
811 2794 882 2829 supra,
895 2794 916 2831 p.

67 2842 113 2878 175.
128 2842 176 2876 Non
188 2840 287 2878 admittit
298 2841 388 2884 proinde
401 2839 594 2875 dissimulationem
610 2839 677 2876 illam>
685 2839 821 2884 aequivalere
835 2841 919 2885 dispen-

5 2918 11 2922 ,
66 2898 152 2939 sationi,
168 2898 190 2931 et
204 2897 372 2934 controversiam
387 2906 442 2940 quae
456 2898 511 2932 inter
526 2897 648 2934 canonistas
663 2897 833 2944 tunc'temporis
847 2905 918 2947 versa,-

7 2956 9 2958 ’
71 2953 137 2999 batur
150 2961 274 3003 cognoscere
286 2959 329 2998 non
341 2952 434 2999 v'idetur„
778 2951 779 2955 ’
