2182 3277
146 253 173 303 ie
200 293 201 296 η
382 266 417 302 Da
427 266 536 304 nortona
547 264 760 304 DISPENSATIONUM

145 378 261 421 sationem
275 376 378 420 vocabat
391 377 492 428 veniam,
508 378 687 433 indulgentiam,
714 374 864 424 beneficium,
880 371 998 420 liberatio*

145 457 205 493 nem,
223 447 452 497 temperamentum
471 439 557 499 quibus
564 445 642 488 verbis
658 436 797 499 praesertim
812 442 998 495 dispensationes

114 552 115 555 ,
145 512 175 553 ad
184 511 319 552 laciendum
331 510 478 567 designabat.

113 573 114 577 ’
173 577 193 618 2.
206 576 239 617 At
251 576 358 617 uocabulo
372 577 417 618 isio
431 576 516 619 diuerso
528 590 595 619 sensu
609 576 749 620 adhibentur.
763 571 862 620 Etenim
871 576 994 632 designant
1062 603 1073 605 „

142 646 194 685 tum
206 643 375 686 relaxationem
387 644 443 697 legis
454 656 496 697 pro
508 645 577 687 unico
590 648 660 687 actu:
672 649 703 686 ut
711 646 735 688 in
748 658 803 686 casu
816 644 997 697 dispensationis

143 721 184 762 pro
196 709 289 762 bigamo
301 724 306 758 ;
319 711 357 752 vel
368 722 409 763 pro
422 711 549 765 multiplici
562 715 616 754 actu
628 724 632 751 :
656 716 685 753 ut
695 712 720 754 in
732 724 788 754 casu
799 711 882 754 veniae
895 722 935 764 pro
948 711 997 764 lap-

142 776 188 825 sis;
207 776 315 821 indicant
334 781 547 830 temperamentum
565 779 590 821 in
609 778 689 830 rigore*
700 778 758 820 iuris
777 789 818 830 pro
840 777 995 820 determinato

140 843 263 886 indiuiduo
275 858 279 884 :
290 847 318 884 ut
327 844 352 887 in
363 844 417 886 casu
428 844 581 888 ordinationis
591 844 705 898 neophyti
715 858 720 892 ;
732 843 771 886 vel
781 856 822 896 pro
832 846 884 885 toto
895 840 980 897 populo
991 860 996 884 :
1047 859 1051 869 ¹»

141 913 169 951 ut
180 910 466 962 concessio'indulgentiae
476 911 600 953 haereticis
611 910 744 954 Donatistis
754 925 760 959 ;
772 913 814 952 aut
823 905 995 964 mitigationem

70 1025 73 1026 ⁷
141 976 198 1018 iuris
211 988 252 1029 per
264 976 428 1029 privilegium:
442 978 506 1020 utin
520 990 576 1019 casu
591 978 774 1030 dispensationis
786 978 811 1020 in
825 979 908 1030 quarto
921 978 996 1029 gradu

140 1053 181 1094 pro
193 1042 322 1095 Aiighs(1);
335 1043 435 1096 denique
445 1044 622 1087 excusationem
633 1057 646 1086 a
656 1044 704 1107 lege
716 1059 721 1086 ε
736 1046 765 1085 ut
774 1044 798 1086 in
810 1055 865 1085 casu
877 1042 997 1085 abstinen-

139 1109 186 1151 tiae
197 1112 221 1150 et
229 1109 308 1151 ieiunii
319 1112 385 1158 ;tum
395 1109 588 1163 legitimationem
597 1110 778 1164 subsequentem
788 1111 817 1163 ad
826 1113 905 1152 actum
914 1113 995 1172 contra

139 1174 213 1228 legem
234 1176 344 1228 positum.
381 1176 413 1216 Et
432 1177 530 1229 proinde
551 1176 711 1219 concludimus
731 1177 931 1229 dispensationem
950 1176 997 1228 illis

65 1238 68 1242 '
140 1255 189 1283 esse
202 1253 295 1284 omnem
308 1242 483 1294 derogationem
494 1242 533 1285 vel
545 1242 721 1296 exceptionemn
735 1243 800 1296 lepe,
816 1243 874 1297 quin
899 1243 999 1296 pressius

140 1302 299 1352 determinent
312 1311 393 1349 utrum
406 1309 437 1350 sit
450 1308 504 1362 legis
519 1309 648 1362 abrogatic,
662 1308 701 1351 vel
714 1310 844 1361 derogatio,
868 1312 948 1351 utrum
964 1310 996 1351 sit

140 1373 196 1428 legis
212 1374 321 1423 mutatio,
336 1374 374 1416 vel
387 1377 506 1419 excusatio
522 1376 604 1429 alege,
628 1379 707 1418 utrum
728 1376 833 1419 remissio
848 1387 943 1429 poenae,
957 1376 996 1418 vel

140 1440 280 1494 legitimatio
293 1445 360 1484 actus
372 1445 455 1486 contra
466 1442 540 1496 legem
552 1442 625 1495 positi
637 1441 676 1496 (2).

168 1507 189 1549 3.
208 1507 241 1549 At
259 1508 331 1550 etiam
349 1519 416 1549 sensu
435 1509 512 1549 siricio
529 1507 636 1549 hodierno
652 1507 795 1551 vocabulum
813 1508 920 1551 occurrit.
950 1508 993 1550 Et·
1013 1523 1016 1527 <

138 1575 207 1622 enim,
222 1575 265 1616 etsi
278 1574 429 1623 vocabulum,
442 1574 467 1617 in
480 1576 602 1627 primaeva
615 1588 657 1617 sua
671 1575 767 1618 notione
779 1575 804 1618 in
816 1576 866 1617 iure
880 1575 992 1617 latissime

138 1641 290 1694 intelligatur,
304 1641 339 1683 ita
352 1644 380 1694 ut
393 1654 442 1682 sese
456 1641 570 1684 extendat
583 1641 654 1683 etiam
668 1641 698 1683 ad
712 1644 786 1690 actus,
809 1653 867 1694 quos
880 1641 992 1684 hodierna

117 1757 119 1759 ¹
137 1707 344 1752 scientiaiuridica
353 1708 427 1749 nitide
438 1721 451 1749 a
461 1708 636 1761 dispensatione
654 1707 796 1765 distinguit3
814 1710 894 1750 tamen
911 1708 991 1757 etiam,

138 1774 244 1816 adhiberi
256 1774 371 1826 contingit
383 1785 424 1826 pro
436 1774 581 1817 relaxatione
604 1773 659 1826 legis
678 1774 702 1816 in
715 1787 769 1817 casu
781 1772 925 1827 particulari,
942 1775 990 1816 sive
1062 1811 1066 1814 ,

137 1844 199 1890 aute,
211 1841 260 1882 sive
269 1843 324 1893 post
332 1839 422 1882 iactum
433 1852 548 1884 concessa.
562 1840 599 1883 Ita
610 1840 725 1893 οἰκονομία
732 1843 804 1882 vocat
812 1840 912 1882 Basilius
920 1844 995 1884 trans-

137 1908 250 1950 lationem
276 1907 380 1960 episcopi
393 1906 523 1960 Euphronii
538 1907 616 1949 asede
628 1906 758 1950 Coloniensi
778 1908 807 1949 ad
826 1907 904 1949 sedem
923 1906 992 1949 Nico·
1045 1907 1048 1911 ’

136 1974 275 2027 politanam,
301 1976 325 2015 et
344 1974 475 2033 «veniam»
502 1976 574 2015 vocat
599 1972 705 2026 Pelagius
728 1974 927 2026 dispensationem
941 1983 994 2017 cum

135 2040 229 2093 bigamo
243 2041 267 2082 in
281 2041 361 2082 ordine
376 2040 405 2081 ad
419 2041 510 2084 ordines
527 2040 693 2093 suscipiendos.
722 2040 791 2091 Quod
807 2040 890 2083 melius
913 2041 991 2083 adhuc

136 2106 230 2160 patebit
240 2120 270 2148 ex
281 2106 385 2148 dicendis
395 2106 419 2149 in
430 2119 480 2162 cap.
492 2106 512 2148 3.

166 2173 187 2214 4.
207 2172 234 2216 In
250 2173 325 2226 speeie
341 2173 501 2225 indagandum
517 2173 555 2214 hic
571 2173 637 2214 venit
652 2176 733 2216 utrum
749 2186 831 2216 revera
848 2173 989 2226 dispensatio
1056 2221 1058 2226 q

136 2239 208 2282 luerit
228 2238 376 2282 identificata
398 2251 450 2282 cum
471 2239 641 2290 ‘absolutione3
677 2241 739 2293 quod
759 2241 843 2293 utique
865 2241 985 2283 contendit

136 2307 240 2355 Esueru,
260 2307 338 2349 dicens
356 2306 554 2358 dispensationem
572 2309 666 2348 tantum
678 2307 855 2349 versasse‘circa
877 2321 885 2343 o
894 2318 939 2349 une
954 2308 988 2348 re·
1027 2349 1028 2352 ,

135 2373 239 2426 pressiori
255 2371 412 2424 disciplinaire
422 2387 437 2420 a,
462 2375 578 2425 quatenus
593 2370 696 2414 Ecclesia
713 2372 848 2415 abstinebat
866 2371 895 2414 ab
916 2374 990 2426 appli-

140 2441 216 2482 canda
229 2451 305 2493 poena
319 2438 453 2491 promerita,
467 2439 505 2480 vel
519 2452 532 2480 a
546 2438 663 2491 puniendo
678 2438 762 2480 delicto
776 2441 870 2492 patrato
883 2438 922 2492 (3).
939 2439 994 2482 Iam.

165 2643 194 2686 (1)
210 2641 327 2683 sirasirin,
337 2649 353 2676 o.
365 2648 388 2682 c.‚
399 2648 419 2683 p.
431 2640 463 2681 57,
474 2639 570 2674 affirmat
580 2647 626 2672 eam
636 2648 677 2673 non
687 2647 730 2672 esse
740 2638 874 2683 privilegium
884 2640 919 2674 sed
929 2640 987 2675 strio-

136 2699 182 2733 tam
190 2697 369 2741 dispensationem
379 2706 383 2737 ;
393 2696 428 2730 alii
435 2695 496 2730 aliter
501 2697 529 2730 ‚ut
538 2695 628 2737 totunm,
639 2694 675 2729 Ius
685 2695 831 2737 Decreioliunr,
840 2696 856 2730 t.
867 2694 902 2737 IV,
911 2697 985 2740 p,.472.
1054 2705 1056 2709 ’

137 2755 171 2789 ΒΕ
182 2755 281 2795 Bucxnn,
294 2753 324 2786 De
336 2752 482 2795 Matrimonio,
493 2762 514 2796 p.
527 2753 573 2787 296.
922 2759 923 2762 ’

166 2811 198 2856 (2)
214 2811 368 2853 Srrncieno.
383 2818 406 2850 c.,
423 2818 444 2853 p.
459 2809 491 2850 24,
508 2809 534 2844 40
551 2811 573 2843 et
584 2808 616 2845 70.
659 2809 660 2812 ’

164 2866 193 2911 (3)
210 2865 239 2901 Ci.
248 2866 275 2899 Le
283 2865 373 2907 mariope
382 2874 406 2914 en
414 2864 469 2897 droit
477 2865 598 2906 canentque,
606 2865 623 2898 t.
634 2862 661 2906 II,
670 2873 691 2907 p.
702 2863 748 2905 317,
757 2871 803 2905 sqq.
812 2881 840 2887 -
852 2861 984 2899 Momentum

136 2924 166 2958 rei
179 2922 234 2957 inira
246 2921 336 2966 patebit,
351 2920 388 2954 ubi
403 2921 428 2954 de
442 2928 504 2954 sensu
517 2920 605 2954 iuridico
620 2920 731 2962 utriusque
744 2920 805 2953 actus
820 2917 859 2952 erit
872 2920 984 2962 agendum.

133 2978 217 3016 Eadem
229 2969 391 3012 enim'conlusto
404 2976 462 3020 apud
475 2976 580 3020 quosdam
593 2975 722 3010 Decretistas
736 2974 825 3011 exstitit.
