2182 3277
134 214 177 265 130
203 250 205 252 »
280 211 829 277 011111111111101111111110001111111111

137 342 218 385 «dixu
238 318 353 387 nominis
373 320 413 396 (ce
432 342 512 385 navic
531 342 677 397 homicida:
697 354 743 386 non
755 344 900 388 emendant
920 342 991 405 mihi,

137 411 241 460 domum,
256 409 313 463 quia
324 410 362 458 uir
375 409 496 462 sanguinis
509 411 544 451 est
553 425 561 448 1
572 411 697 466 ;etrquod
707 410 735 453 ab
749 423 775 452 eo
789 410 880 454 dictum
892 414 930 453 est·
939 411 978 454 vel

136 479 263 527 statutum,
277 475 461 529 indispensabile
476 470 582 530 0111)(1).
600 475 747 519 Sententiam
762 469 977 521 1101110110111011

137 544 209 585 audet
222 541 360 595 simpliciter
374 541 501 591 affirmare,
515 541 573 596 quia
587 543 616 584 de
628 541 691 584 iacto
704 541 837 598 Alexander
852 544 895 593 III,
910 544 976 599 cuius

137 609 288 656 decretalem
300 607 401 654 Ioannes
421 607 544 662 Hispanus
564 606 671 657 noverat,
694 608 848 662 dispensavit
861 623 914 655 cum
934 610 977 653 tali

134 675 255 719 homicida
266 677 294 716 ut
304 678 360 729 post
371 674 551 729 poenitentiam,
565 676 595 718 ad
607 673 715 718 officium
725 678 829 726 tantum,
843 677 978 721 admittere·
1038 715 1040 717 ,

134 744 182 784 tur.

166 808 187 851 4,
204 808 337 851 Hucuccro
356 808 418 867 hanc
438 807 570 851 doctrinam
588 808 651 851 inter-
671 808 810 853 decretistas
830 814 977 854 communem
1049 862 1053 864 ,

123 892 125 900 ,
136 888 183 920 non
194 877 290 918 tantum
300 876 347 918 alte
357 874 496 928 proclamat,
512 874 636 917 sedetiam
646 874 757 927 applicat.
770 875 807 919 lta
816 879 900 920 votum
911 877 978 920 abso-

135 943 185 983 lute
197 936 380 994 indispensabile
395 940 506 988 declarat,
521 951 574 982 cum
587 940 684 996 reddere
697 942 782 984 votum
796 942 908 999 obligatio
921 942 978 984 iuris
995 985 997 988 ,

135 1007 250 1051 naturalis
262 1006 300 1056 sit,
313 1006 433 1061 profluens
443 1018 475 1051 ,ex
487 1008 612 1059 praecepto
627 1005 707 1049 divino
720 1018 761 1059 per
774 1019 799 1049 os
811 1008 940 1062 prophetae
952 1001 977 1050 in

122 1073 213 1116 Veteri
241 1072 393 1127 Testamento
419 1067 526 1115 tradito:
557 1087 565 1110 (1
575 1075 661 1114 vovete
679 1075 703 1114 01
720 1073 813 1115 reddite
823 1090 838 1116 1.
870 1074 972 1130 ideoque

135 1139 243 1184 Romano
256 1139 369 1181 Pontifici
381 1141 525 1192 potestatem
538 1137 690 1191 dispensandi
701 1138 726 1181 in
739 1139 819 1182 ordine
832 1143 897 1184 sacro
910 1142 977 1184 dene·
990 1150 992 1152 ·

134 1197 182 1260 gat,
195 1217 243 1249 non
255 1205 347 1263 ratione
358 1205 432 1259 ipsius
445 1204 540 1253 ordinis,
554 1205 595 1246 sed
603 1204 698 1248 ratione
710 1204 762 1246 voti
775 1207 882 1250 connexi.
898 1206 975 1251 Nam:

134 1289 143 1311 l(
154 1285 207 1317 cum
220 1273 269 1316 iam
283 1272 399 1326 promotis
414 1273 552 1315 adsacrum
567 1271 674 1314 ordinem
688 1280 735 1314 non
745 1263 831 1324 ‘posset
845 1270 977 1328 [R.,Ponti-
1036 1328 1038 1331 r

133 1335 183 1389 fex]
196 1339 330 1393 dispensare
343 1336 538 1381 velconstituere
551 1340 579 1379 ut
593 1338 735 1382 contrahant
748 1339 927 1383 matrimonium
939 1342 977 1382 vel

137 1409 259 1449 contracto
272 1408 395 1450 uterentur
405 1418 471 1455 ;non
485 1404 536 1446 dico
549 1405 642 1448 ratione
654 1405 748 1454 ordinis,
763 1407 803 1447 sed
815 1406 906 1449 ratione
918 1407 977 1455 voti,
1016 1435 1019 1438 -
1053 1415 1056 1417 ·

136 1486 182 1528 quo
193 1466 292 1525 obligati
301 1475 357 1516 sunt
368 1473 398 1515 ad
407 1473 521 1525 perpetuo
532 1471 709 1515 continendum.
721 1471 809 1515 Contra
818 1473 882 1527 quod
891 1476 975 1516 votum

135 1538 202 1593 Papa
216 1549 263 1581 non
279 1542 358 1591 posset
373 1538 509 1592 dispensare
523 1537 562 1578 vel
576 1537 700 1579 restituere
716 1550 770 1581 cum
786 1539 815 1581 ad
830 1539 975 1582 reddendum

134 1608 218 1648 votum
229 1604 328 1659 quisque
337 1607 448 1648 teneatur
458 1617 487 1646 ex
495 1604 545 1646 iure
554 1603 665 1654 naturali,
676 1604 738 1647 unde
747 1604 864 1658 propheta
874 1618 879 1646 ι
889 1608 975 1647 vovete

133 1674 157 1713 et
167 1670 258 1712 reddite
265 1685 273 1708 1
285 1668 325 1724 (2).
330 1671 389 1715 Item
401 1674 471 1723 negat
482 1670 573 1724 Papam
583 1683 651 1724 posse
663 1664 798 1723 dispensare
808 1670 832 1713 in
842 1670 974 1714 iuramento

160 1866 190 1916 (1)
208 1867 258 1906 Cod.
267 1876 305 1907 ms.
315 1867 350 1906 cit.
358 1866 395 1906 101.
403 1866 443 1906 431,
704 1892 706 1894 -

158 1927 190 1973 (2)
207 1920 627 1971 6011.1111011.Ρο11111.3891101211.
645 1920 674 1960 oi.
687 1920 753 1959 etiam
766 1921 816 1960 Cod.
831 1930 869 1961 ms.
883 1923 918 1962 cit.
931 1922 974 1961 Va-

129 1985 166 2021 tic.
180 1984 218 2019 lat.
231 1994 252 2020 n.
266 1983 326 2027 2288,
338 1983 375 2019 101.
389 1982 443 2018 3151.
457 1982 486 2017 ad
499 1982 518 2018 C.
532 1978 627 2024 XXXV,
641 1990 660 2024 q.
673 1980 832 2023 1,cumipitur:'
910 1984 913 1986 “
997 1987 999 1989 ·

155 2055 163 2073 l(
172 2041 214 2075 Hic
226 2048 324 2085 expresse
336 2039 443 2083 colligitur
455 2039 513 2082 quod
524 2037 700 2082 consanguinitas
711 2045 738 2071 ex
749 2037 782 2071 sui
793 2037 872 2073 natura
883 2047 926 2073 non
936 2037 975 2072 im·
1027 2031 1032 2034 ”

128 2097 189 2141 pedit
199 2097 369 2139 matrimonium,
381 2096 414 2129 set
425 2094 552 2129 constitutio
563 2095 608 2130 sive
619 2093 735 2137 prohibitio
747 2093 834 2128 ecclesie
844 2093 903 2128 iacta
913 2103 976 2138 prop-

127 2155 161 2188 ter
173 2152 390 2196 consanguinitatem,
403 2160 433 2187 ar.
445 2152 479 2187 ie.
493 2161 512 2194 q.
528 2150 568 2193 III,
582 2149 760 2185 Contradicimus
775 2149 835 2184 Idem
848 2150 893 2184 dieo
908 2151 932 2184 de
944 2150 975 2184 ai-

128 2210 216 2245 iinitate
227 2209 249 2242 et
260 2199 506 2252 cognatione‘spirituaii
517 2208 538 2240 et
551 2206 608 2241 civili
620 2207 642 2239 et
654 2205 770 2242 deordine«
776 2207 798 2240 01
809 2206 835 2240 de
845 2214 915 2240 errore
926 2215 975 2241 con·
1018 2203 1019 2206 ’
1061 2193 1063 2195 ‚

128 2265 215 2301 ditionis
225 2265 247 2298 et
258 2265 283 2299 de
292 2259 377 2308 publice
386 2263 507 2298 honestatis
515 2262 607 2304 iustitia,
619 2262 644 2296 de
653 2261 750 2305 tempore
758 2261 868 2305 feriarum,
879 2262 905 2296 de
915 2269 974 2297 enor-

126 2322 203 2356 mitate
211 2321 283 2356 delicti
290 2321 311 2354 et
319 2321 343 2355 de
352 2320 431 2363 dispari
438 2311 498 2353 cultu
508 2327 512 2352 :
520 2315 604 2353 nullum
611 2317 667 2352 enim
673 2317 764 2352 istorum
770 2318 974 2362 impedimentorum

127 2387 154 2413 ex
167 2379 198 2413 sui
211 2377 290 2414 natura
301 2376 409 2422 repugnat
421 2375 559 2413 matrimonio
573 2374 659 2419 quando
672 2374 700 2408 iit
712 2374 875 2410 matrimonium
888 2376 936 2409 crim
949 2382 972 2408 eo

128 2436 151 2469 et
160 2434 263 2480 precedat
273 2434 295 2467 01
305 2433 409 2477 sequatur
418 2442 423 2474 3
434 2440 473 2467 nec
484 2440 509 2465 ex
519 2432 552 2466 sui
562 2431 642 2468 natura
652 2430 734 2474 aliquid
744 2438 818 2465 eorum
828 2431 920 2475 impedit
929 2439 974 2467 ma·
1020 2438 1022 2441 ⁴

126 2491 253 2526 trimonium
269 2490 301 2524 set
316 2488 459 2526 ecclesiastica
475 2486 602 2522 constitutio
617 2487 676 2521 lacta
690 2487 778 2530 propter
793 2486 926 2531 affinitatem
940 2486 974 2522 vel

127 2547 278 2591 cognationem
292 2546 407 2588 carnalem,
422 2545 467 2579 sive
482 2543 616 2588 spiritualem
631 2542 675 2577 sive
690 2542 781 2584 civilem,
797 2543 819 2577 et
834 2543 863 2577 sic
878 2543 904 2577 de
918 2542 972 2578 aliis.

125 2604 221 2639 Remove
238 2602 395 2647 prohibitiones
413 2601 457 2638 sive
475 2599 641 2636 constitutiones
658 2598 813 2634 ecclesiasticas
830 2599 864 2634 vel
882 2599 980 2641 divinas,

126 2659 197 2694 nullus
220 2659 311 2695 istorum
333 2657 438 2701 impediet
448 2656 619 2697 matrimonium,
631 2655 689 2698 quod
698 2654 761 2698 patet
772 2663 798 2696 ex
809 2664 832 2690 00
844 2656 903 2700 quod
912 2656 972 2700 apud

128 2714 204 2750 Iudeos
216 2715 250 2751 vel
261 2713 424 2757 Saracenos,qui
435 2711 668 2755 talesconstitutiones
680 2720 723 2746 non
733 2712 867 2755 receperunt,
880 2720 923 2746 non
933 2711 972 2745 im-

125 2772 212 2815 peditur
224 2771 387 2805 matrimonium
400 2769 489 2813 propter
501 2768 545 2802 1100
553 2767 587 2804 vel
599 2767 658 2803 illud.
673 2767 705 2801 De
718 2767 829 2802 coactione
842 2767 864 2800 01
875 2767 972 2811 impossi-

127 2828 212 2862 bilitate
221 2827 363 2863 conveniendi
372 2826 443 2861 animo
454 2833 491 2859 suo
501 2824 534 2860 vel
543 2831 631 2868 corpore
640 2823 674 2859 vel
682 2823 775 2867 utroque
784 2824 805 2858 et
815 2824 840 2858 dc
849 2832 918 2858 errore
926 2832 973 2869 per-

129 2892 180 2918 sone
190 2892 216 2917 ex
224 2884 321 2927 tempore
331 2883 391 2918 aliud
401 2881 455 2924 dico,
466 2880 579 2928 scillquod
589 2888 646 2914 exse
656 2880 678 2913 et
687 2888 724 2924 per
734 2887 756 2913 se
766 2879 884 2915 secundum
894 2880 972 2915 consti·
1000 2894 1002 2898 >

125 2940 234 2976 tutionem
248 2939 333 2974 ecclesie
347 2937 470 2983 impediunt
484 2937 505 2971 et
517 2936 631 2973 removent
644 2935 807 2974 matrimonium
821 2936 872 2981 quia
885 2944 972 2974 causam
