2182 3277
165 165 208 219 isal
288 177 321 217 33
337 163 654 218 313133333133113333331)
672 178 868 234 caesareenses

183 298 204 339 2.
223 296 292 341 Hanc
308 299 389 341 tamen
406 296 573 340 necessitatem
590 296 732 350 cognitionis
749 309 796 341 non
827 308 853 337 eac
869 296 954 337 natura
971 295 1005 337 rei

154 363 283 411 deducunt,
300 363 340 405 sed
350 375 397 416 ¹per
411 365 494 405 textus
509 362 566 405 iuris
574 362 678 408 Romani
694 364 860 408 demonstrant
869 362 910 417 (1),
926 366 950 405 et
964 375 1006 417 per
1037 355 1038 358 ’

151 428 307 472 auctoritates
320 442 333 471 a
345 428 459 472 Gratiano
473 429 557 472 allatas
568 430 594 472 in
607 429 630 471 C.
645 430 663 479 1,
689 442 710 483 q.
725 428 745 472 7.
759 429 791 471 Et
803 430 909 474 nondum
921 432 1006 482 urgent

115 541 117 543 ,
150 495 224 538 verba
243 496 345 549 aglossa
361 495 480 538 ordinaria
499 496 524 539 in
552 495 692 539 definitione
709 496 895 550 dispensationis
907 496 1005 545 inserta,

151 574 198 615 qua
208 562 320 606 nimirum
331 561 418 604 dicitur
429 562 575 615 dispensatio
585 578 594 600 a
604 562 720 605 relaxatio
731 563 798 611 iuris,
811 561 940 605 saetacum
951 575 1006 604 cau-

149 641 189 671 sae
199 629 334 681 cognitione
343 643 352 666 n
362 641 408 676 3-
418 641 448 670 ex
457 629 544 683 quibus
553 628 633 670 verbis
644 631 729 682 postea
740 630 848 677 doctores
860 629 1005 673 concludent

149 694 309 747 cognitionem
336 707 421 737 causae
433 707 483 737 esse
499 695 527 736 de
541 694 645 737 essentia
662 695 853 749 dispensationis.
872 695 929 739 Inde
942 695 1005 737 torte

149 762 283 814 explicatur
297 773 338 803 cur
352 761 430 814 plures
444 762 468 806 in
483 761 601 805 tradenda
616 761 661 804 hac
676 761 816 806 definitione
829 762 890 804 illud
903 763 1004 806 incisum

133 878 134 881 Ἴ
149 828 264 873 omittant
276 827 317 881 (2).

167 894 267 954 xUtrum
284 893 345 937 hanc
364 894 523 947 cognitionem
541 895 724 948 praereqnirant
741 895 815 938 etiam
835 907 907 948 penes
923 895 1002 948 ipsum

146 960 305 1014 legislatorem
326 960 504 1013 dispensantem
523 960 547 1004 in
568 960 664 1014 propria
684 961 741 1013 lege,
763 973 810 1004 non
833 962 894 1004 clare
915 961 1000 1014 liquet.

146 1026 230 1070 Potius
248 1026 344 1068 videtur
362 1027 506 1080 negandum,
526 1040 554 1068 ex
568 1029 642 1068 textu
661 1027 806 1076 Hostiensis,
824 1028 850 1071 in
869 1040 915 1081 quo
933 1028 1001 1071 unice

145 1093 298 1137 existentiam
314 1105 405 1142 causae,
422 1105 469 1137 non
479 1093 529 1135 eius
537 1088 698 1146 cognitionem
712 1095 831 1148 requirere
846 1095 944 1137 videtur
958 1093 1000 1149 (3).

147 1159 301 1204 Innocentius
319 1158 352 1200 IV
367 1162 450 1207 tamen
467 1163 491 1202 et
510 1159 611 1204 Ioannes
628 1159 740 1205 Andreae
759 1162 845 1204 docent
863 1162 999 1205 «conditori

145 1226 324 1271 constitutionis
339 1225 407 1269 licere
424 1226 560 1279 dispensare
576 1228 660 1269 contra
676 1238 735 1276 eam,
753 1227 794 1269 sed
811 1238 837 1268 33
853 1229 912 1269 ceria
927 1228 999 1269 scicn-

145 1290 249 1348 1111))(4).

247 1470 257 1522 ξ
271 1469 292 1513 4.
309 1468 344 1511 Dc
360 1481 404 1511 usu
420 1456 605 1523 dispensationis
620 1469 670 1525 sine
684 1481 754 1511 caasa
769 1482 885 1513 concessae

174 1591 192 1633 1.
211 1591 301 1635 Ultimo
314 1592 431 1643 agendum
442 1594 479 1632 est
489 1590 516 1631 cle
527 1601 570 1630 usu
583 1590 766 1644 dispensationis
781 1591 832 1632 sine
849 1591 911 1633 iusta
926 1603 996 1633 caasa

142 1668 264 1700 concessae.
279 1657 398 1711 Principia
411 1657 530 1710 generalia
542 1656 586 1699 hac
600 1657 628 1699 de
641 1669 665 1698 re
680 1671 693 1699 3
706 1656 870 1700 Decretalistis
884 1671 931 1703 non
945 1663 994 1701 sta-

140 1728 258 1772 tuuntur3
278 1728 309 1773 at,
329 1737 357 1766 ex
375 1723 468 1766 casibus
487 1736 545 1777 quos
563 1724 621 1765 data
639 1724 762 1768 occasione
780 1725 884 1774 solvunt,
904 1727 994 1779 optime

141 1793 258 1846 quaedam
270 1791 354 1843 deduci
364 1793 472 1844 possunt.
485 1789 590 1842 Regulae
600 1789 662 1833 enim
674 1790 733 1845 quas
744 1790 861 1844 applicare
871 1792 991 1839 videntur,

140 1860 169 1901 ad
183 1859 227 1900 hoc
241 1857 403 1900 reducuntur:
418 1856 529 1898 subditus
542 1856 606 1897 licite
620 1857 698 1898 utitur
713 1857 890 1910 dispensatione
904 1859 990 1906 valida,

139 1932 285 1980 quamquam
299 1925 438 1977 dispensans
450 1922 513 1964 iorte
526 1923 661 1975 peccaverit
675 1923 849 1975 dispensand03
875 1925 991 1966 conditio-

138 1992 208 2035 nibus
219 2004 278 2046 qnas
289 1990 459 2034 Decretalistae
470 1989 653 2043 praerequirunt
666 2001 708 2043 pro
719 1989 825 2043 legitima
836 1991 996 2035 concessione

138 2072 185 2103 non
207 2059 315 2107 servatis,
338 2057 448 2099 subditus
469 2057 563 2100 tamdiu
584 2057 681 2109 impune
703 2057 781 2098 utitur
802 2070 843 2099 suo
865 2056 981 2100 beneficio

139 2125 254 2179 quamdiu
275 2124 420 2177 dispensatio
441 2135 489 2166 non
508 2126 640 2165 revocetur.
661 2145 692 2152 -—
710 2121 809 2165 Praeter
827 2123 886 2175 haec
905 2124 988 2173 nitida,

137 2192 183 2235 alia
198 2191 316 2245 quaedam
331 2191 408 2234 minus
424 2189 575 2233 cohaerentia
589 2190 698 2237 tradunt,
715 2192 742 2230 ut
758 2202 787 2231 ex
802 2189 915 2243 exemplis
940 2191 989 2234 iam

136 2248 262 2301 afferendis
279 2254 379 2310 patebit.

164 2325 185 2367 2.
205 2324 243 2365 113
257 2323 353 2376 quidem
368 2323 386 2363 si
401 2322 467 2375 Papa
481 2322 531 2364 sine
545 2334 616 2364 33333
631 2320 753 2374 dispensat
777 2322 801 2365 in
815 2321 851 2363 his
866 2334 926 2377 quae
939 2335 987 2367 non

134 2394 190 2435 sunt
199 2391 252 2432 iura
262 2401 326 2432 mere
338 2388 449 2441 positiva,
461 2391 562 2441 peccant
572 2391 625 2429 tum
635 2387 685 2440 ipse
696 2385 808 2431 Pontifex
819 2389 985 2442 dispensando,

133 2460 186 2500 tnm
200 2456 312 2498 subditus
327 2455 504 2508 dispensatione
517 2455 606 2496 utendo
619 2452 660 2507 (5).
675 2453 706 2494 Ε1
718 2454 779 2503 ideo,
794 2455 813 2495 si
826 2453 899 2508 Papa,
915 2468 985 2500 causa

158 2578 188 2622 (1)
204 2578 227 2614 L.
240 2577 375 2614 1111311131),
388 2577 418 2611 De
430 2577 453 2611 in
464 2576 505 2613 ius.
517 2584 556 2612 acc.

158 2635 188 2679 (2)
206 2634 237 2670 cf.
256 2642 328 2678 supra,
345 2641 367 2678 p.
386 2632 432 2668 164.
453 2651 457 2652 ⁷

160 2690 190 2735 (3)
206 2690 238 2725 Gl.
249 2691 278 2724 ad
289 2699 305 2725 3.
318 2689 337 2731 d,
348 2689 376 2725 X.
389 2690 419 2724 De
430 2689 488 2722 siaiu
498 2687 652 2729 monacharum,
665 2686 706 2729 111,
716 2687 749 2723 35.

158 2746 187 2791 (4)
204 2745 355 2781 Innocsnrius
370 2745 405 2788 IV,
420 2745 448 2779 ad
462 2753 478 2781 c.
494 2744 513 2785 d,
527 2743 554 2780 X.
569 2744 600 2778 De
613 2744 670 2777 statu
683 2743 835 2785 monachorum,
851 2742 891 2785 ΙΙΙ,
904 2743 936 2780 35.
952 2744 983 2780 Io.

132 2793 249 2844 itnnnnn'a,
271 2801 319 2837 ibid.
826 2815 832 2818 ἡ

154 2859 185 2903 (5)
202 2858 298 2893 1333333
307 2867 338 2892 na
349 2857 464 2900 Annesel,
477 2856 547 2900 glossa
558 2856 586 2891 ab
597 2854 710 2891 Hostiensi
722 2855 797 2896 citata,
808 2855 837 2889 ad
849 2864 866 2890 c.
878 2854 897 2897 6,
910 2855 937 2891 X.
951 2856 981 2891 De

124 2915 182 2950 siaiu
190 2914 342 2956 monacharum,
354 2914 394 2957 111,
404 2914 437 2950 35.
447 2933 474 2938 -
489 2913 640 2947 Innocnnrws
651 2911 680 2947 IV
689 2911 711 2944 et
721 2911 752 2947 Io.
765 2911 876 2946 Annnnnn
885 2912 914 2947 ad
922 2921 981 2947 cum-

128 2972 180 3007 dem
198 2970 277 3006 locum.
