2182 3277
147 198 190 247 112
339 210 372 244 nn
389 203 621 246 nrspnnsnrronrssus
639 205 704 245 spuo
721 204 886 248 nnonnr‘rsras'

148 327 172 366 et
182 323 215 365 ibi
226 321 391 371 misericordia,
403 321 483 378 potius
494 323 563 365 debet
573 323 640 380 sequi
650 323 722 367 iudex
731 323 916 376 misericordiam
927 337 997 381 quam

148 390 255 445 rigorem,
266 392 290 431 et
299 388 331 430 sic
339 388 387 432 iam
396 388 491 432 videtur
500 392 563 444 qnod
573 390 716 447 dispensatio
727 391 759 433 sit
768 392 856 442 debita,
867 391 924 447 quia
933 406 999 447 prae-

147 461 242 517 ceptum
261 455 433 498 misericordiae
452 456 701 502 omnibus'commune
719 461 772 500 est-o
783 457 824 513 (1).
844 458 949 501 Ulterius
967 459 997 500 ad

147 522 263 578 practicae
276 521 436 567 conclusiones
450 522 581 573 deveniens,
595 526 672 578 glossa
685 526 753 567 docet
768 524 791 569 in
805 526 849 569 hoe
863 538 918 567 casu
931 539 998 580 snpe-

146 590 230 634 riorem
244 587 427 633 ecclesiasticum
440 589 525 631 habere
537 589 707 644 obligationem
719 590 871 647 dispensandi
884 595 907 634 et
920 605 998 635 conse-

146 650 246 711 quenter
260 668 355 712 peecare
370 654 389 697 si
404 654 483 698 renuit
495 655 576 710 (2).At‚
592 657 726 701 doctrinam
740 658 899 712 Huguccionis
912 657 997 701 iterum

145 723 222 778 magis
236 721 354 771 evolvens,
371 721 453 764 addit:
470 723 515 764 etsi
530 724 658 766 auctoritas
672 723 791 769 interdum
805 726 891 768 debeat
906 724 997 780 dispen-

146 803 204 840 sare,
219 793 242 832 et
257 788 377 831 subiectus
389 793 468 844 petere
481 789 622 844 non-possit,
645 794 725 834 tamen
747 805 813 836 «non
827 797 863 835 est
875 791 996 847 proditum
1009 818 1011 825 κ

137 857 188 907 ius,
201 870 227 899 eo
239 857 303 910 qnod
313 859 409 909 petatur
420 855 562 909 dispensatio
574 871 579 898 z
592 856 653 899 sicut
664 857 694 898 ad
705 857 876 912 eleemosynam
886 862 995 902 tenemur

144 922 251 978 pauperi,
263 935 351 976 pauper
361 925 442 964 tamen
453 933 503 964 eam
514 922 577 965 nullo
588 922 638 965 iure
648 922 710 977 petit
718 922 742 977 (i.
754 937 773 966 e.
782 924 887 984 exigitb,
897 923 932 967 ita
942 924 995 966 sub-

143 991 204 1032 iecto
215 988 416 1043 dispensationem
425 988 516 1042 petenti
526 989 635 1043 agnoscit
644 988 736 1033 nonius
745 989 864 1040 strictum,
874 991 914 1033 sed
924 992 997 1046 quodr
1020 1009 1022 1011 ’

144 1058 199 1099 dam
212 1056 249 1098 ius
263 1067 369 1097 recursus
382 1057 413 1097 ad
426 1055 569 1109 superiorem
583 1069 639 1099 casu
653 1068 699 1111 quo
712 1056 807 1099 inferior
820 1058 939 1112 praelatus
951 1056 996 1098 iili—

143 1123 189 1166 eite
196 1120 301 1165 renuerit
307 1120 371 1164 illam
380 1123 504 1165 concedere
515 1137 519 1164 :
528 1134 583 1166 nam
592 1122 702 1165 subditus
710 1140 718 1162 r
729 1125 758 1166 ad
766 1126 893 1179 petendam
902 1122 996 1178 dispen-
1035 1139 1036 1142 ¹

143 1186 260 1232 sationem
272 1182 487 1243 potest‘implorare
499 1188 606 1232 ollicium
617 1189 709 1239 iudicis,
723 1194 746 1232 et
758 1190 778 1232 si
789 1191 863 1234 nollet
875 1189 995 1245 episeopus

143 1256 285 1312 dispensare,
294 1257 360 1309 petet
368 1256 412 1298 hoc
421 1268 435 1298 a
444 1254 559 1309 superiore
569 1272 577 1295 o
589 1255 631 1311 (3).

301 1438 311 1491 ξ
324 1437 344 1481 3.
361 1436 394 1478 De
408 1436 463 1478 otiis
475 1436 588 1490 speciebus
601 1436 799 1492 dispensationum

172 1560 191 1602 i.
204 1553 289 1600 <Tertia
299 1555 390 1605 divisio,
401 1553 497 1599 minoris
506 1556 627 1606 momenti,
637 1555 661 1599 in
671 1555 871 1610 dispensationem
879 1567 991 1611 moenem,

141 1627 250 1668 maiorem
270 1626 294 1664 et
312 1622 436 1663 monimum
455 1625 599 1664 memoratur
618 1636 632 1665 a
652 1622 748 1665 Summa
768 1623 903 1667 lionacensi
916 1616 956 1678 (l),
977 1638 990 1667 a
1026 1630 1027 1633 ’

141 1749 226 1786 cordiae
236 1746 335 1782 omnibus
346 1746 378 1779 est
390 1752 522 1781 commune...
535 1747 556 1780 et
567 1745 681 1789 sententia,
693 1753 735 1790 que
744 1746 912 1782 misericordiam
923 1749 991 1791 vetat,

140 1805 264 1850 fugienda...
277 1804 335 1848 quod
346 1803 438 1837 concedo
451 1802 508 1846 quod
520 1802 649 1847 quandoque
660 1803 688 1838 sit
700 1803 773 1838 debita
784 1805 805 1837 et
816 1804 881 1839 iudex
892 1806 992 1847 peccaret

141 1863 208 1898 sinon
219 1861 358 1905 dispensaret,
366 1869 409 1895 non
418 1860 491 1893 tamen
500 1860 532 1892 est
539 1860 649 1903 proditum
657 1859 690 1893 ius
698 1868 735 1903 per
743 1861 801 1904 quod
808 1860 897 1904 petatur
907 1860 990 1905 dispen-

141 1919 194 1955 satio
205 1929 210 1962 ;
222 1917 276 1952 sicut
285 1919 313 1953 ad
323 1916 479 1960 eleemosynam
489 1916 586 1951 tenemur
594 1916 692 1960 pauperi,
700 1913 782 1961 pauper
791 1917 865 1951 tamen
875 1924 922 1953 eam
931 1917 989 1953 nullo

139 1977 185 2011 iure
197 1975 261 2020 petit¹
276 1967 355 2011 Tamen
369 1973 397 2010 ad
410 1972 525 2018 petendam
540 1972 721 2017 dispensationem
733 1973 808 2017 potest
820 1971 931 2018 implorari
942 1973 991 2009 oisi-

140 2033 196 2067 'cium
206 2030 290 2071 iudicis,
303 2033 323 2065 et
334 2031 351 2064 si
360 2029 428 2065 nollet
439 2029 548 2075 episcopus
559 2030 688 2073 dispensare,
698 2030 759 2072 petet
768 2030 809 2064 hoc
819 2041 832 2066 a
843 2029 949 2073 superiore
960 2043 975 2065 o.

168 2089 198 2133 (1)
215 2087 275 2128 ibid,
287 2087 313 2122 ci.
325 2087 356 2122 Gl.
367 2088 412 2122 ord.
423 2087 452 2120 ad
461 2096 481 2121 v.
492 2087 561 2129 miror,
573 2095 589 2122 c.
600 2088 621 2129 4,
632 2086 658 2121 D.
669 2085 694 2120 L.
704 2103 731 2109 —-
740 2086 788 2121 Hoc
803 2085 932 2130 principium
947 2087 990 2124 iam

119 2163 121 2166 >
140 2145 234 2180 vidimus
250 2151 372 2186 expressum
389 2141 477 2181 saeculis
492 2142 640 2184 anterioribus,
658 2142 679 2175 et
694 2142 815 2179 stabilitum
830 2152 843 2180 a
859 2141 937 2177 Rufino
953 2142 991 2177 ubi

140 2202 192 2237 dicit
201 2201 230 2239 ad
240 2209 257 2235 e.
268 2199 288 2241 2,
299 2200 324 2235 D.
335 2199 395 2241 XIV,
406 2210 410 2233 :
421 2212 428 2230 e
438 2198 562 2235 Notandum
572 2199 630 2242 qnod
640 2198 722 2241 Patres,
733 2207 780 2232 cum
790 2206 816 2232 ex
825 2198 893 2241 rigore
908 2196 989 2243 aliquid

139 2256 271 2297 statuerunt,
286 2257 354 2293 tacita
369 2254 511 2298 intelligentia
533 2254 703 2289 subiunxerunt:
725 2255 766 2288 nisi
781 2253 910 2298 dispensatio
926 2254 990 2289 ecele-

139 2315 226 2352 siastica
236 2312 298 2351 aliter
310 2321 335 2346 ex
346 2311 490 2346 misericordia
500 2311 624 2355 providerit.
637 2310 720 2354 Quippe
731 2311 895 2348 misericordiam
906 2310 990 2347 mavult

138 2372 203 2414 Deus,
219 2378 284 2414 quam
299 2368 434 2410 sacrificium,
449 2368 471 2401 et
484 2367 627 2402 misericordia
642 2367 788 2411 superexaltat
800 2368 903 2403 iudicium
912 2380 926 2403 o,
941 2368 989 2402 Sin-

138 2438 189 2469 onn,
198 2437 220 2472 p.
230 2426 263 2461 35.
271 2444 299 2449 —-
307 2422 417 2468 Hugueeio
426 2425 593 2461 uenerationem
603 2424 668 2458 etiam
676 2423 800 2466 insinuavit,
815 2424 843 2459 ad
853 2433 869 2460 c.
879 2424 912 2465 14,
927 2424 953 2460 D.
962 2424 987 2466 L,

137 2493 176 2520 ms
190 2485 225 2519 cit.
237 2482 273 2517 tol.
286 2482 333 2516 581:
356 2481 429 2516 «Usus
441 2481 594 2515 misericordiae
607 2479 723 2515 communis
736 2481 757 2513 et
768 2479 897 2515 necessarius
910 2481 947 2522 est,
966 2481 988 2514 et

138 2540 213 2575 melius
224 2539 258 2573 est
269 2539 368 2573 excedere
379 2538 401 2574 in
412 2536 576 2572 misericordiam
588 2546 654 2581 quam
666 2536 801 2572 severitatem
810 2549 823 2573 o.

164 2597 194 2642 (2)
210 2595 242 2631 Gi.
254 2596 299 2630 ord.
315 2595 373 2630 adv.
386 2602 466 2635 consue,
478 2601 494 2628 e.
507 2594 538 2636 18,
550 2594 571 2629 C.
585 2592 601 2635 l,
613 2603 633 2637 q.
646 2593 664 2628 7.

165 2653 202 2697 (3)
212 2651 266 2687 ibid.

164 2709 194 2753 (4)
210 2708 260 2743 Cod.
271 2714 309 2742 ms
321 2707 356 2742 cit.
367 2705 403 2742 iol.
414 2705 454 2747 161,
466 2704 504 2741 eol.
515 2705 533 2741 1.
544 2705 571 2740 ad
582 2705 610 2741 .C.
623 2704 638 2747 I,
650 2713 670 2748 q.
681 2704 692 2738 5
703 2711 707 2736 :
723 2717 731 2735 l(
740 2705 793 2740 Cum
802 2705 851 2749 quis
866 2702 985 2748 ordinatur,

137 2764 172 2800 vel
181 2763 319 2809 promovetur
329 2763 356 2798 ad
366 2762 462 2797 ordinem
472 2761 506 2796 vel
515 2762 542 2799 ad
553 2761 687 2809 dignitatem.
705 2759 759 2794 Item
770 2769 817 2795 enm
827 2761 984 2806 promovemur)
1025 2764 1027 2767 ’

137 2822 165 2855 ad
176 2820 271 2856 ordinem
284 2820 305 2852 et
316 2818 436 2861 simoniace,
447 2816 511 2852 refert
521 2819 594 2853 utrum
606 2817 701 2852 conscius
712 2816 777 2851 inerit
787 2816 875 2851 simonie
887 2815 922 2852 vel
933 2827 982 2854 non.

137 2877 159 2913 Si
171 2876 265 2912 conscius
276 2875 347 2918 fuerit,
358 2874 503 2910 removebitur
514 2882 539 2908 ex
550 2874 596 2909 toto
607 2884 611 2916 ;
625 2872 642 2907 si
652 2883 695 2908 non
706 2872 770 2907 luerit
781 2872 883 2914 conscius
901 2874 981 2917 poterit

134 2943 183 2969 eum
195 2932 382 2968 abrenuntiatione
396 2941 421 2966 ex
434 2930 590 2974 dispensatione
602 2929 695 2965 tolerari.
709 2928 730 2963 Si
742 2937 791 2965 vero
804 2930 832 2966 ad
846 2928 983 2973 dignitatern,
