2182 3277
125 170 168 217 128
278 209 279 212 ,
291 188 324 218 un
335 170 568 220 ersennsnrronfflus
580 173 646 219 11111)
658 173 822 221 unonerrsnns

129 300 196 339 tenus
212 297 432 350 omnia‘praecepta
447 297 546 341 moralia
560 298 597 340 ie.
613 297 718 342 moribus
733 299 892 343 informantia
903 297 936 352 (1)
952 297 977 340 in

130 363 190 415 Lege
205 366 229 404 et
243 363 372 416 Evangelio
388 367 500 407 contenta
515 365 636 408 declarant
649 365 851 418 indispensabilia.
869 366 926 407 Cum
942 364 977 407 Si·
1024 397 1025 400 ,

130 431 199 473 cardo
219 430 283 473 euim
302 425 442 485 affirmant:
461 447 469 469 1
481 426 593 473 adversus
610 432 647 474 ius
666 432 780 481 naturale,
800 432 824 475 111
843 431 977 486 praeceptis

129 499 153 538 et
166 495 374 549 prohibitionibus,
390 509 437 539 non
451 497 590 540 admittitur·
602 490 762 552 dispensatio;
777 499 817 541 sed
832 497 878 541 alia
891 497 977 550 saepis·
993 540 995 542 .

126 562 183 605 sime
200 562 336 605 relaxantur
354 575 395 616 pro
413 567 526 617 tempore,
546 575 587 617 pro
606 572 711 617 persona,
731 577 772 620 pro
790 565 841 606 loeo
854 567 878 605 et
897 562 977 608 simili-

128 626 173 669 bus
183 643 191 665 11
203 626 248 681 (2).’
257 627 306 680 Aut
320 640 373 670 cum
387 627 484 671 Summa
497 627 621 672 Parisiensi
636 629 733 674 dicunt:
747 645 755 668 1
766 632 848 672 contra
860 629 980 670 1111111111-Ἰ

128 693 183 742 rale‚
200 694 237 736 ie.
255 697 337 738 eontra
353 694 502 739 voluntatem
521 694 625 738 divinam
641 698 777 745 revelatam,
796 696 834 738 vel
851 697 933 738 eontra
944 691 976 736 le-'

127 769 180 812 gem
193 760 282 803 Veteris
294 764 317 802 et
329 760 392 803 Novi
404 760 557 810 Testamenti,
570 774 629 814 quae
640 764 727 806 servari
740 763 810 806 debet
822 762 852 805 a'd
862 762 973 810 litteram,

129 839 176 870 non
194 826 563 880 1111111111111111111111111»(3).
582 828 638 871 Fere
665 842 744 874 omnes
766 831 802 871 ius
826 828 933 869 naturale
954 829 974 868 ei

110 893 225 935 ‘diuinum
240 893 390 947 idcuiilicuni,
405 895 521 949 siquidem
539 894 597 936 haec
615 891 624 932 11
634 901 689 937 sunt
707 899 802 939 tantum
822 895 915 936 diversa
933 905 973 935 no-

69 958 71 962 ’
126 961 191 1003 mina
207 960 270 1005 idem
287 960 446 1013 significantia
455 975 464 997 u
477 963 505 1001 ut
518 953 552 1002 ait
564 959 672 1003 Steardus
685 961 724 1015 (i).
737 961 845 1015 Plerique
857 959 929 1002 etiam
947 959 973 1002 in
1004 995 1005 1000 ,

116 1149 203 1194 quando
213 1148 330 1186 contrarias
340 1140 451 1185 doctrinas
459 1149 517 1184 luter
525 1156 547 1182 se
556 1157 691 1194 componere.
699 1150 834 1193 Quandoque
843 1150 970 1193 argumenta

120 1206 175 1251 quae
189 1199 260 1241 valore
274 1205 431 1248 destituuntur,
444 1205 583 1249 perlongum
605 1206 692 1249 tempus
717 1207 840 1243 occurrunt,
857 1205 912 1254 Inde
925 1216 968 1241 non

117 1262 183 1301 vacat
194 1259 323 1299 difficultate
335 1261 478 1296 determinare
488 1261 541 1305 quid
551 1262 647 1305 praecise
658 1262 755 1297 docuerit
764 1263 814 1297 talis
824 1262 907 1304 auctor,
918 1263 969 1306 quia

116 1326 180 1363 saepe
188 1317 266 1360 repetit
279 1318 337 1362 quod
345 1317 382 1354 alii
390 1317 508 1353 docuerunt
518 1327 523 1351 ⁴.
533 1317 570 1355 alii
579 1318 677 1354 dieunt...
688 1318 723 1354 alii
734 1319 830 1356 dicunt...
840 1319 862 1352 et
870 1326 927 1355 nova
935 1318 968 1354 in-

107 1378 108 1381 ’
116 1375 218 1410 seruntur
225 1374 282 1409 inter
290 1382 315 1409 ea
323 1382 378 1418 quae
388 1373 488 1411 obsoleta
496 1374 549 1409 etin
556 1375 619 1418 praxi
628 1373 730 1413 derelicta
739 1376 795 1411 sunt.

119 1431 149 1475 (1)
166 1429 196 1466 Io.
210 1429 328 1473 Hr'spunus,
341 1430 392 1466 Cod.
407 1438 448 1466 ma.
463 1431 500 1466 cit.
513 1429 549 1466 iol.
563 1430 594 1472 5V,
606 1431 633 1465 ad
655 1430 704 1467 diet,
728 1432 787 1468 Grat.
808 1439 826 1468 a.
840 1438 857 1465 c.
871 1430 889 1471 1,
902 1430 927 1466 D.
941 1430 965 1465 V.

116 1501 123 1519 1
135 1487 160 1522 In
172 1487 213 1524 hac
222 1487 360 1522 distinctione
368 1486 414 1528 agit
424 1486 449 1520 de
461 1487 507 1520 iure
516 1486 616 1528 naturali,
625 1488 741 1522 ostendens
750 1487 843 1531 qualiter
851 1485 898 1521 aliis
906 1494 966 1529 prae-

113 1543 197 1579 feratur
212 1542 315 1578 turibus.,.
335 1542 390 1576 Item
406 1542 429 1577 in
448 1542 615 1586 dispensatione,
633 1542 685 1586 quia
700 1552 742 1579 non
758 1536 832 1587 potest
848 1542 966 1586 dispensari

114 1597 233 1636 contraius
241 1595 350 1636 naturale.
362 1594 404 1633 sed
412 1599 529 1642 opponitur
537 1598 595 1633 adid
604 1599 662 1643 quod
673 1599 748 1634 dicunt
757 1600 815 1644 quod
822 1599 856 1632 ius
865 1596 964 1636 naturale

115 1655 190 1693 manet
204 1652 342 1690 immutabile
357 1663 405 1688 cum
419 1654 442 1689 in
455 1655 500 1698 lege
514 1654 590 1689 mulier
604 1646 739 1694 menstruata
752 1665 765 1692 a
778 1653 855 1699 templi
868 1655 964 1698 ingressu

114 1709 221 1750 arceatur.
239 1710 296 1757 Item
308 1711 331 1746 111
343 1709 388 1754 lege
401 1711 525 1747 continetur
538 1711 563 1745 de
577 1711 700 1746 ceremoniis
713 1719 755 1756 que
767 1711 811 1746 iam
824 1712 963 1746 recesserunt.

117 1769 173 1803 Item
186 1768 212 1802 de
222 1766 310 1810 pollutis
320 1767 343 1802 in
353 1775 442 1810 sompno
453 1768 492 1811 qui
501 1762 634 1804 eiciebantur
644 1767 706 1805 extra
715 1767 787 1806 castra
797 1767 904 1811 usquead
914 1774 963 1803 ves-

114 1833 198 1869 peram,
214 1823 277 1857 hodie
291 1833 340 1859 non.
355 1823 418 1858 Unde
431 1824 542 1859 sciendum
563 1823 597 1856 est
615 1824 674 1867 quod
687 1824 789 1868 precepta
803 1823 897 1867 quedam
911 1823 963 1858 sunt

114 1879 211 1921 morolio,
224 1872 267 1923 que'
278 1887 347 1913 mores
358 1878 477 1917 informant
488 1880 513 1913 ut
524 1878 571 1922 ipsa
581 1871 655 1916 littera
667 1881 735 1922 sonat,
755 1881 780 1913 ut
792 1878 866 1923 diliges
879 1879 898 1914 d.
912 1880 931 1916 d.
944 1880 962 1914 t.

114 1937 223 1981 quantum
236 1936 264 1973 ad
277 1936 319 1973 ista
331 1934 468 1973 immutabile
481 1936 555 1973 manet
567 1934 600 1969 ius
613 1935 717 1973 naturale.
734 1936 788 1970 Item
802 1935 854 1977 sunt
867 1936 961 1979 quedam

113 1991 224 2037 stauratio,
236 1999 277 2035 que
288 1992 326 2026 suh
338 1991 408 2035 ligura
419 1992 535 2029 veritatem
545 1990 670 2034 significant
680 1992 705 2025 ut
714 1991 841 2035 preceptum
852 1991 961 2025 1111111111-

113 2049 179 2084 sionis
192 2047 215 2081 et
226 2047 318 2086 sabbati.
334 2047 379 2082 Ista
391 2048 499 2091 quantum
510 2047 539 2082 ad
552 2047 687 2091 superficiem
698 2047 770 2082 littere
783 2048 904 2088 mutantur,
917 2056 961 2083 non

112 2105 221 2149 quantum
231 2104 259 2141 ad
268 2103 424 2146 intelligentiae
435 2104 557 2141 veritatem.
572 2102 625 2137 item
637 2104 688 2137 sunt
698 2104 791 2148 quedam
803 2102 958 2146 ceremonialia,

113 2162 139 2196 de
153 2160 231 2204 quibus
245 2161 317 2204 potest
330 2159 391 2194 reddi
404 2159 459 2194 ratio
474 2167 540 2203 quare
554 2161 615 2194 erant
633 2160 741 2203 instituta,
757 2161 781 2194 ut
795 2169 838 2194 non
851 2159 922 2196 arabis
935 2159 959 2194 in

111 2219 168 2254 bove
180 2217 202 2250 et
213 2215 271 2253 asino
282 2226 287 2257 ;
310 2216 349 2250 hec
360 2216 494 2253 evacuantur
544 2227 559 2249 1.

141 2273 209 2308 Iidem
219 2272 308 2310 conatus
319 2270 488 2308 Decretistarum
497 2270 627 2315 principium
638 2271 734 2307 Gratiani
745 2272 770 2305 de
779 2265 957 2306 immutabilitate

110 2330 162 2364 turis
170 2327 275 2366 naturalis
282 2329 340 2362 11111
348 2326 469 2371 explicandi
476 2327 583 2371 apparent
589 2326 611 2362 in
626 2327 668 2364 aiio
675 2328 738 2362 textu
746 2327 840 2362 eiusdem
849 2327 956 2370 Summae,

110 2387 139 2421 ad
151 2386 202 2421 diet.
215 2384 273 2421 Grat.
286 2394 306 2429 p.
319 2394 336 2420 c.
349 2383 368 2426 3,
378 2384 404 2419 D,
413 2383 450 2419 Vi.
461 2383 517 2418 «Sed
528 2376 645 2426 opponitur
656 2383 681 2417 de
692 2383 794 2426 Sabbata,
805 2383 863 2427 quod
874 2382 956 2418 dietum

110 2444 157 2477 erat
171 2442 283 2489 momento
296 2439 432 2477 sanctificare
447 2440 502 2475 diem
517 2439 610 2481 sabbati,
625 2439 676 2483 quia
690 2440 777 2477 iamiam
791 2439 902 2473 mutatum
917 2441 955 2475 est.
974 2466 976 2473 ,

110 2499 159 2533 Dici
168 2498 242 2541 potest
252 2497 370 2541 quodlicet
380 2495 436 2530 illius
447 2496 489 2531 diei
498 2496 620 2531 observatio
632 2497 748 2539 praecepta
758 2496 858 2536 uideatur,
870 2503 913 2528 non
922 2497 955 2532 ta-

110 2563 159 2589 men
171 2552 318 2598 principaliter
330 2546 497 2598 precipiebatur,
511 2552 547 2586 sed
559 2551 631 2592 potius
645 2551 787 2588 sanctificatio
801 2551 882 2595 requiei
896 2552 955 2594 spiri·

108 2611 173 2646 tualis
182 2610 213 2644 ibi
221 2607 379 2650 vindicabatur,
390 2616 431 2651 que
439 2617 452 2643 a
460 2609 520 2644 viciis
530 2608 568 2649 est,
587 2607 608 2641 et
622 2614 663 2651 que
674 2606 743 2643 Iudeis
754 2608 829 2643 debuit
837 2607 953 2649 obseruari,

109 2668 131 2700 et
144 2676 158 2704 a
171 2665 251 2710 populo
266 2663 382 2701 christiano
397 2664 468 2698 adhue
482 2663 611 2699 observatur
619 2672 624 2705 ;
647 2662 681 2699 vel
695 2663 736 2699 diei
750 2664 824 2708 potest
837 2661 895 2706 quod
911 2672 953 2697 nen

109 2723 140 2756 est
153 2721 176 2756 de
189 2720 301 2764 mandatis,
313 2722 338 2757 ut
350 2719 441 2764 quidam
451 2720 543 2761 volunt3
555 2719 587 2754 uel
596 2728 638 2753 nen
648 2720 679 2753 esi
687 2720 710 2753 de
720 2720 836 2755 molaribus
846 2728 851 2760 ;
863 2719 885 2752 11
895 2719 953 2762 quod

88 2797 89 2800 =
108 2779 188 2814 dicitur
196 2778 297 2823 precepta
308 2776 404 2820 decalogi
413 2784 458 2810 esse
468 2776 564 2819 moralia,
584 2785 622 2819 pro
641 2775 717 2813 maiori
735 2779 799 2820 parte
819 2773 954 2818 tutelligatur

112 2835 194 2869 dietum
203 2846 217 2869 1,

135 2889 167 2935 (2)
184 2890 234 2925 Cod.
249 2897 286 2926 ms.
302 2891 337 2926 cit.
353 2886 389 2923 iol.
406 2887 449 2924 58V.

135 2945 166 2991 (3)
183 2945 233 2981 cod.
243 2954 281 2982 ms,
292 2946 327 2982 cit.
338 2944 374 2981 fol.
385 2943 422 2980 4v4

133 3000 167 3048 (4)
185 2992 239 3037 coo.
253 3009 292 3037 ms.
307 3001 344 3036 on.
357 2999 396 3036 nn.
410 2998 453 3042 arr,
467 2999 496 3035 au
509 2999 535 3036 D.
550 2998 567 3037 1,
