2139 3277
408 227 485 278 ruoex
496 228 646 278 suniericus
897 230 961 281 >exiri

235 349 237 351 ’
256 374 267 378 -ν
282 364 284 366 ’
294 357 398 404 sationem
408 347 490 396 habent
498 359 523 393 ut
530 359 605 396 actum
615 352 774 399 iurisdictionis,
786 364 829 391 non
839 355 883 393 iam

223 457 224 460 Ἴ
293 415 319 449 ut
330 415 406 451 actum
417 414 608 458 interpretationis,
622 433 649 439 —-
661 414 679 461 3.
693 414 726 449 Ab
740 405 877 450 absolutione

293 465 425 513 eampiures
433 480 476 505 non
486 470 622 514 distinguunt
631 480 635 511 ;
646 469 775 515 proponitur
783 468 892 505 distinctio

292 526 320 566 ab
336 525 479 569 Huguecione.
500 545 527 550 -
540 526 558 562 4.
569 526 704 571 Dispensatio
722 525 884 570 distinguitura

293 580 408 619 tolerantia
425 582 447 616 et
462 581 555 620 licentia.

65 670 74 717 j
93 724 95 728 Α
165 664 246 707 CAPUT
257 663 415 713 II.Doctrina
426 665 454 706 de
463 665 535 720 variis
547 664 667 724 speciebus
679 662 882 717 dispensationum
940 670 942 675 ’

227 741 237 792 ξ
250 740 268 782 1,
282 740 317 782 De
333 740 549 794 dispensationibus
562 740 588 785 in
602 739 717 795 iaciendis
731 742 756 782 et
770 740 795 783 in
809 740 880 783 iactis
910 739 953 782 106
981 767 983 769 ·

296 810 314 845 1.
331 811 423 846 Rufinus
447 811 529 855 primus
555 811 715 846 distinctionem
739 818 838 860 expresse
861 810 893 847 ia-

295 867 330 902 cit.
344 885 372 892 —-
384 869 402 903 2.
417 867 526 912 Huguceio
541 875 589 904 eam
602 866 701 911 explicat.
715 884 742 890 -
754 866 773 903 3.
787 866 840 901 Post
851 866 883 910 ip-

293 932 327 958 sos
344 923 485 959 communiter
502 923 612 959 distinctio
630 922 760 960 admittitur.

228 1007 269 1058 §2
282 1007 317 1049 De
337 1007 553 1060 dispensationibus
571 1006 696 1061 permissis,
707 987 843 1060 *prohibitis
862 1009 886 1047 et

346 1072 431 1115 debitis
492 1104 878 1116 ...........
912 1071 954 1114 107

293 1143 312 1177 1.
329 1143 422 1178 Rufinus
444 1143 605 1180 distinctionem
626 1142 748 1179 adumbrat.
771 1161 798 1167 -
818 1143 837 1178 2.
860 1142 890 1177 Si-

255 1242 256 1245 ,
293 1199 371 1237 cardus
382 1208 429 1237 eam
441 1209 539 1245 expresse
550 1200 619 1245 ponit.
632 1218 659 1224 —-
669 1199 686 1235 3.
701 1199 741 1234 Cur
753 1199 888 1237 Decretistae

293 1256 349 1293 hanc
358 1256 477 1293 doctrinam
486 1257 594 1294 elucidare
602 1255 674 1293 eonati
682 1255 730 1291 sint.
740 1272 768 1279 -
774 1255 793 1289 4.
804 1255 891 1299 Huguc-

292 1312 324 1347 cio
337 1311 496 1348 distinctionem
507 1312 604 1349 evolvit:
616 1310 711 1355 regulam
721 1310 750 1349 ad
761 1311 832 1348 varias
843 1319 890 1356 spe-

257 1382 259 1387 *
293 1368 334 1402 cies
350 1369 522 1406 determinandas
535 1369 611 1410 tradit,
625 1361 715 1412 indagat
728 1368 807 1411 quibus
821 1367 885 1404 ratio-

293 1424 356 1459 nibus
376 1426 398 1459 et
417 1434 458 1469 quo
487 1433 550 1460 sensu
570 1424 746 1469 sit'dispensatio
769 1424 847 1459 debita.
868 1441 895 1448 —-

294 1479 311 1515 5.
329 1479 403 1518 Glossa
415 1480 522 1518 ordinaria
537 1481 696 1516 distinctionem
710 1480 765 1517 clare
778 1479 887 1525 proponit.

230 1563 271 1616 §d
285 1563 320 1607 De
331 1564 381 1606 aliis
392 1564 513 1619 speciebus
525 1565 728 1618 dispensationum
759 1597 765 1607 .
798 1596 804 1607 .
836 1596 841 1606 .
874 1595 879 1606 .
912 1563 955 1606 112

295 1634 313 1669 1.
330 1630 465 1679 Dispensatio
477 1643 563 1679 magna,
571 1637 638 1673 maior
645 1635 774 1671 etmaxima.
782 1620 834 1671 42.
842 1634 890 1670 Dis-

293 1691 391 1735 pensatio
409 1691 460 1727 iuris
477 1692 499 1727 et
514 1692 598 1729 iudicis.
616 1736 618 1741 .

166 1774 248 1816 Gneus
259 1773 304 1815 ΙΙΙ,
321 1774 357 1817 De
372 1774 569 1828 interpretatione
586 1775 789 1828 dispensationum
837 1806 842 1816 .
876 1807 880 1817 .

212 1844 230 1879 1.
248 1843 399 1889 interpretatio
415 1846 526 1884 extensiva
542 1845 634 1881 reicitur.
649 1864 677 1870 -
691 1845 709 1882 2.
727 1844 880 1890 Interpretatio

212 1900 288 1939 stricta
298 1900 396 1945 exigitur.

165 1984 246 2027 Cnrur
258 1983 297 2026 IV.
309 1984 344 2026 De
354 1997 424 2028 eausa
434 1985 576 2030 sentations
587 1984 769 2039 dispensationis
779 1985 875 2039 eiusque

284 2049 409 2094 effectibus
494 2083 879 2094 ...........
913 2050 954 2093 116

116 2129 118 2146 r
135 2140 137 2142 »
213 2121 231 2155 1.
248 2120 319 2156 Pauca
328 2120 459 2165 antiquiores
470 2121 604 2159 Deererrstae
613 2121 710 2157 tradunt.
720 2139 748 2145 ——
757 2122 776 2156 2.
787 2120 891 2156 Doctrina

171 2171 188 2205 s
208 2176 286 2212 -Ruiini
308 2176 367 2212 eirea·
384 2176 467 2215 licitam
488 2178 511 2213 et
531 2176 630 2215 illicitam
653 2177 841 2223 dispensationem.
864 2195 891 2202 »-

211 2233 230 2268 3.
247 2233 630 2278 Causaeeommnniteradmittuntur
637 2232 720 2271 utilitas
727 2232 890 2275 velnecessitas,

211 2288 321 2325 interdum
337 2289 425 2326 additur
442 2290 517 2334 pietas.
536 2309 564 2315 —-
580 2291 598 2326 4.
619 2288 747 2335 Intelligitur
765 2289 848 2325 utilitas
866 2291 888 2324 et

212 2345 327 2383 necessitas
336 2340 422 2390 privata
431 2347 456 2381 at
464 2347 523 2382 notio
535 2342 699 2391 dispensationis
709 2345 783 2381 stricte
792 2345 890 2383 sumitur.

133 2412 134 2416 ¹
172 2444 174 2447 ,
209 2401 271 2446 εδ.
286 2401 390 2440 Doctrina
404 2403 495 2438 severior
509 2402 654 2448 Huguceionis
668 2404 690 2438 et
706 2402 792 2438 loannis
807 2403 889 2440 Faven-

212 2457 258 2500 tini.
274 2476 302 2482 -
314 2457 332 2493 6.
348 2457 405 2501 Quid
418 2458 435 2493 si
449 2467 513 2497 eausa
528 2460 593 2494 dubia
607 2459 677 2494 ruent.
692 2477 719 2483 —-
732 2458 750 2494 7.
766 2459 799 2494 De
812 2457 884 2495 valore

214 2513 379 2559 dispensationis
391 2514 435 2549 sine
448 2524 512 2553 causa
524 2523 642 2553 concessae.
655 2533 682 2540 —-
694 2514 713 2550 8.
726 2514 817 2553 Praevia
830 2524 878 2549 eau-

212 2578 248 2605 sae
261 2570 354 2614 cognitio
368 2579 381 2607 a
394 2568 491 2615 pluribus
503 2570 603 2616 exigitur.
617 2590 644 2596 —
655 2571 673 2607 9.
689 2571 730 2614 Qui
743 2569 786 2606 sint
799 2569 889 2607 effectus

212 2625 393 2680 dispensationis3
409 2627 466 2663 inter
480 2628 519 2664 hos
536 2625 674 2672 enumeratur
689 2625 810 2674 absolutio„

35 2737 38 2739 -
103 2757 105 2762 ¹
166 2708 248 2771 Cneur
258 2708 286 2750 V.
298 2708 335 2751 De
346 2707 438 2753 obiecto
451 2710 654 2766 dispensationum
675 2742 692 2762 p.
725 2742 729 2750 .
763 2740 769 2751 .
877 2742 881 2754 .
915 2708 956 2752 121

196 2788 390 2843 ''Praenotunda
414 2796 451 2838 Ex
474 2798 626 2841 necessitate.
640 2796 781 2858 conciliandi
803 2800 885 2840 textus
898 2807 910 2820 ²

341 2863 887 2909 contrariosetconfusanotioneiurisnaiura-

274 2925 278 2929 ’
338 2929 367 2979 lis
376 2928 482 2993 intimius
493 2931 601 2993 quaestio
612 2928 781 2992 perscrutatur·
917 2929 957 2980 121
