2182 3277
155 202 199 249 ‘162
256 253 258 256 ,
290 209 324 248 rin
340 208 576 250 mspeusxrr‘omssos
593 210 658 249 arui]
675 210 874 252 bnounrnursms

152 328 241 369 verunt
258 324 443 380 Compitationes
460 325 580 380 antiquas,
598 328 652 370 tum
668 325 840 371 recentioribus
850 324 891 380 qui
903 336 1024 369 commen-

148 391 214 434 taria
225 392 371 445 scripserunt
379 391 404 446 iu
416 392 552 434 Decretales
563 392 669 446 Gregorii
680 392 716 436 IX
726 396 751 436 et
759 391 878 437 Boniiacii
889 391 957 434 Vin,
983 392 1022 433 Ex

151 470 199 501 una
207 457 269 501 enim
278 461 346 512 parte
354 458 460 511 maxima
473 459 544 501 datur
557 458 693 507 differentia
705 460 767 503 inter
780 458 926 501 Decretistas
939 461 964 501 et
976 458 1023 501 De-

149 524 283 567 cretalistas
291 524 364 567 etiam
374 525 609 579 antiquioresquoad
617 526 756 568 methodum
767 524 900 569 adhibitam
909 527 934 567 et
942 527 1022 579 quoad

150 590 270 633 obiectum
286 591 425 644 glossarum,
442 592 569 646 quodiam
586 603 633 636 non
649 595 685 634 est
700 592 829 635 Decretum
855 590 964 635 Gratiani
979 592 1020 633 sed

149 657 186 699 ius
199 669 296 707 novum,
310 660 339 699 ut
352 658 427 708 aiunt,
442 671 482 700 seu
495 657 638 701 Decretales.
653 657 763 702 Diximus
776 661 865 706 tamen,
889 658 953 711 quod
967 658 1021 698 doc-

148 723 238 767 trinam
254 727 355 778 spectat,
372 725 462 779 priores
477 725 648 768 Decretaiistas
664 723 799 768 abultimis
816 723 956 766 Decretistis
971 735 1019 784 non

148 789 245 833 omnino
258 791 363 845 separari
371 795 451 845 posse.
465 790 518 834 Aiia
530 804 560 833 ex
572 794 640 845 parte
652 794 702 835 tam
714 791 801 834 intima
813 791 879 844 viget
903 790 1017 834 connexio

147 857 211 900 inter
226 869 306 901 omnes
321 857 498 907 Decretalistas,
513 860 542 917 ut
555 858 631 900 clarae
645 858 788 910 expositioni
802 860 898 900 noceret
911 857 952 911 qui
966 857 1016 917 vel-

147 923 181 965 let
195 924 223 965 de
236 922 272 965 his
286 923 415 977 separatim
428 933 503 976 agere.
538 920 542 923 ’
828 941 835 979 ᾗ

143 1026 144 1029 ,
178 988 241 1030 Huic
251 989 347 1043 periodo
357 989 486 1034 terminum
496 990 607 1044 ponimus
617 989 705 1043 scripta
716 989 812 1034 Ioannis
821 988 936 1038 Andreae,
948 988 1019 1043 quia,

150 1056 175 1099 in
188 1055 233 1098 hac
246 1056 348 1099 materia
361 1056 423 1098 sicut
433 1056 459 1100 in
471 1048 579 1110 pluribus
593 1056 651 1105 aliis,
665 1056 789 1109 periodum
802 1055 925 1098 claudunt
937 1055 1012 1098 scien-

144 1123 193 1164 tiae
209 1122 268 1165 iuris
284 1122 400 1166 canonici.
419 1122 576 1177 Caeteroquin
593 1125 677 1177 postea
693 1123 800 1176 quaestio
819 1133 881 1167 nova
896 1115 1023 1166 methodo
1040 1114 1042 1116 ’

145 1187 330 1239 examinabitur,
352 1189 465 1231 methodo
485 1202 571 1243 nempe
591 1189 732 1242 theologica.
875 1244 878 1247 Ι

173 1256 195 1297 2.
204 1250 251 1297 'Ex
262 1256 397 1310 praemissis
411 1260 511 1310 apparet
523 1257 597 1299 etiam
610 1268 651 1299 cur
663 1256 755 1309 lougius
772 1255 923 1298 immoraturi
936 1254 1010 1297 simus

112 1354 114 1358 Α
140 1322 165 1367 in
182 1323 322 1376 exponenda
348 1323 457 1365 doctrina
482 1324 510 1365 de
538 1323 631 1365 obiecto
658 1325 681 1363 et
697 1325 793 1365 auctore
821 1321 1016 1375 dispensationis

141 1388 211 1431 Hanc
233 1389 296 1432 enim
318 1388 370 1431 fuse
390 1390 554 1443 vexposuerunt
576 1389 754 1432 Decretaiistae.
780 1388 807 1430 In
829 1386 1013 1441 prioresecb'one

141 1465 238 1508 agemus
252 1456 280 1511 de
294 1455 399 1505 notione,
414 1455 537 1505 divisione,
553 1468 631 1503 causa,
647 1454 747 1504 obiecto,
761 1454 1007 1507 subiectuinterpre-
1049 1457 1057 1462 ”

79 1571 81 1574 Α
140 1522 233 1564 tatione
250 1524 274 1563 et
290 1521 417 1564 effectibus
434 1523 648 1576 dispensationum.
668 1520 696 1561 In
714 1517 963 1564 ulterutraotabimus
980 1521 1008 1562 de
1077 1540 1078 1543 ¹

141 1588 190 1630 eius
204 1590 308 1637 auctore,
322 1601 363 1630 seu
378 1588 406 1631 de
420 1588 638 1642 dispensationibus
652 1601 712 1642 quae
725 1588 823 1631 concedi
836 1590 936 1641 possunt
949 1600 963 1629 a
977 1586 1007 1628 R.
1079 1587 1086 1589 ’

139 1653 265 1705 Pontifice
280 1656 373 1708 legatis,
387 1656 554 1709 metropolitis,
569 1655 686 1710 episcopis
699 1658 723 1697 et
736 1655 787 1698 aliis
800 1652 961 1708 superioribus
974 1665 1011 1695 ec-

139 1721 283 1764 elesiasticis,
312 1755 313 1759 ,
572 1776 574 1779 ¹
1009 1755 1011 1757 .

168 1788 232 1830 Huic
244 1788 342 1832 sectioni
353 1800 395 1842 per
418 1789 515 1831 modum
538 1787 683 1843 Appendicis
705 1789 824 1843 quaedam
847 1787 961 1829 addemus
979 1786 1007 1828 de

138 1854 228 1897 exordio
247 1854 354 1908 influxus
382 1854 540 1909 theoloporum.
863 1857 865 1860 '
