2139 3277
284 182 317 213 11
332 183 480 216 1111111111
495 157 728 220 nrsrnnsnrrorvun„
808 202 811 206 -
911 171 955 215 229

102 292 172 343 paret
186 290 316 336 doctrinam
324 306 345 341 a
358 291 506 346 temporibus
519 292 707 335 Decretistarum
723 292 826 337 multum
842 304 891 334 esse
903 303 960 346 pro-

103 361 213 409 gressam.
225 356 328 408 Etenim,
341 372 371 400 ex
381 360 484 413 quatuor
495 357 620 401 effectibus
631 372 691 414 quos
702 358 852 401 Decretistae
864 368 957 401 enume-

104 425 222 472 raveram,
238 425 375 468 remissione
390 434 474 478 nempe
489 436 579 477 poenae
594 418 705 480 illiusque
721 425 771 468 sive
786 424 894 468 inflictae
911 423 961 466 sive

102 488 251 542 infligendae,
276 490 424 533 concessione
446 492 564 544 usurpati,
589 494 613 533 et
635 492 788 545 permissione
809 489 927 544 inhibiti(
943 489 960 543 ),

106 555 237 601 Hostiensis
249 560 273 598 et
284 557 399 601 Durantis
409 568 484 599 unum
495 559 590 602 tantum
602 557 715 606 referunt,
737 558 848 601 nimirum
858 557 959 611 permis·
991 561 992 564 ’
1052 547 1055 549 ’

104 622 193 667 sionem
205 618 311 671 inhibitij
325 635 366 665 sen
379 624 552 667 concessionem
566 624 691 677 superioris
704 625 768 666 utin
783 637 837 666 casu
851 623 957 677 partiou-

103 688 146 732 lari
162 689 226 730 licite
241 690 280 731 vel
295 689 376 732 valide
387 688 420 743 (2)
436 688 482 731 fiat
498 690 563 744 quod
579 688 708 731 secundnm
724 691 759 732 ius
776 690 886 733 strictum
903 692 954 732 erat

102 755 211 797 illicitum
225 755 263 798 vel
275 755 414 799 invalidum.
442 755 479 797 Ex
492 768 538 810 qno
554 756 623 798 simul
635 756 710 809 magis
724 756 801 798 adhuc
814 758 883 809 patet
895 756 959 810 quod

104 834 176 875 supra
187 822 295 871 diximus,
306 822 475 864 Decretalistas
485 821 658 866 absolutionem
669 834 722 864 cum
734 821 910 875 dispensatione
920 816 965 864 ne?

104 901 224 944 quaquam
242 888 390 931 identificare
400 902 405 937 ;
427 892 450 930 et
469 889 563 932 nonnisi
582 899 650 932 sensu
667 888 795 942 improprio
814 880 958 930 vocabulum

103 971 112 994 1
123 955 265 1009 dispensatio
276 971 284 993 1
302 959 438 1011 usurpatur,
458 954 500 997 ubi
518 955 678 999 remissionem
693 966 782 1009 poenae
796 953 903 997 inflictae
921 953 960 996 vel

102 1019 245 1074 infligendae
260 1021 459 1074 dispensationem
472 1024 569 1063 vocant.

133 1088 154 1128 2.
172 1088 200 1128 ln
218 1087 357 1140 explicando
376 1086 456 1140 effectu
473 1086 585 1141 primario
604 1087 793 1140 dispensationis,
812 1086 959 1128 relaxatione
1018 1112 1020 1115 <

103 1154 258 1207 nempelegis
272 1166 313 1206 seu
327 1153 446 1195 ablatione
461 1155 552 1197 vinculi
567 1155 591 1196 in
606 1167 661 1196 casu
677 1153 823 1206 particulari,
852 1163 900 1194 non
912 1153 958 1197 im-

103 1222 232 1268 morantur,
244 1232 296 1263 cum
309 1220 385 1273 ipsam
402 1220 601 1274 dispensationem
616 1233 657 1274 per
664 1220 731 1263 hunc
747 1218 859 1261 effectum
874 1220 960 1274 princi-

102 1287 181 1339 palem
194 1286 365 1340 descripserint.
378 1284 453 1339 Magis
463 1286 579 1330 insistunt
590 1287 615 1330 in
628 1286 775 1329 conclusione
788 1286 873 1329 exinde
887 1286 965 1327 dedu,

104 1353 192 1396 conda:
208 1351 351 1406 dispensatio
367 1352 429 1393 tollit
443 1352 612 1405 obligationem
625 1353 650 1395 in
665 1352 817 1396 conscientia.
832 1351 958 1394 «Excusat

104 1418 165 1463 enim
179 1418 322 1472 dispensatio
338 1419 366 1460 ab
379 1418 486 1460 illicitis»
500 1419 558 1460 dicit
570 1419 652 1460 ΑΒΒΑε
665 1418 795 1465 Arvrrouus
806 1416 847 1472 (3),
862 1419 923 1460 siout
937 1420 960 1459 et

102 1485 200 1527 Pnrnus
210 1497 244 1525 DE
257 1485 388 1526 Ssnrpsorvn
398 1483 439 1538 (i).
452 1485 527 1527 Addit
539 1485 689 1527 Hosrrnrvsis
701 1499 705 1526 :
718 1501 727 1523 1
737 1497 766 1526 ex
778 1485 954 1538 dispensatione

103 1549 277 1606 promovendus
291 1551 357 1593 licite
370 1551 453 1605 recipit
468 1555 616 1605 sacramenta
626 1565 656 1600 3...
672 1554 795 1605 promotus
810 1550 875 1593 licite
891 1563 954 1593 exse·

102 1613 185 1674 quitur
202 1630 270 1662 suum
288 1617 427 1667 officium...
445 1618 587 1662 bendictum
606 1618 669 1660 licite
687 1618 781 1663 retineri
799 1617 871 1666 valet,
890 1618 953 1674 quod

105 1685 162 1729 alias
174 1685 238 1727 licite
250 1684 345 1728 retineri
359 1689 406 1729 non
417 1687 498 1739 potest
507 1700 516 1723 o
526 1684 568 1739 (5).

131 1863 162 1909 (1)
178 1862 207 1901 Cf.
223 1872 301 1908 supra.⁵
315 1873 337 1909 p.
353 1863 397 1901 121.

131 1920 162 1965 (2)
177 1920 228 1955 Dico
241 1933 249 1952 (l
258 1920 292 1956 vel
305 1920 392 1956 valide»
405 1930 537 1967 quamquam
549 1923 647 1959 auctores
661 1923 760 1969 explicite
768 1924 809 1959 hoc
818 1932 861 1958 non
873 1921 954 1962 dicunt,

104 1979 179 2012 merito
193 1977 247 2011 illud
260 1978 385 2012 deducimus
407 1985 433 2012 ex
447 1978 549 2023 exemplis
564 1980 748 2024 dispensationum
774 1988 828 2025 quas
850 1978 954 2018 atterunt,

104 2042 145 2078 ng.
156 2034 280 2069 insecundo
290 2033 325 2069 vel
334 2034 397 2069 tertio
408 2035 476 2079 gradu
486 2037 686 2080 consanguinitatis

131 2090 161 2133 (3)
176 2091 250 2125 Auens
261 2091 383 2132 Arvrrpurrs,
394 2090 489 2133 Lectum,
502 2102 517 2128 c.
531 2093 550 2133 6,
562 2091 589 2129 X.
604 2093 635 2127 De
646 2092 747 2135 diuortiis,
761 2092 797 2134 iv,
811 2091 845 2128 19.

132 2146 162 2191 (4)
179 2146 217 2182 Cit.
229 2147 287 2191 apud
300 2146 330 2183 Io.
342 2148 459 2190 Arvonunn,
471 2149 525 2183 ade.
540 2149 553 2183 1.

132 2203 162 2247 (5)
178 2203 319 2245 HosrrErvsrs
331 2204 423 2246 Summo,
436 2204 448 2241 l.
460 2214 475 2241 c,
487 2223 514 2229 -
524 2203 578 2239 rtem
590 2203 712 2246 Dunenrrs,
725 2206 737 2240 l.
748 2215 771 2246 1,,
785 2205 794 2247 ἓ
806 2203 837 2238 11,
856 2217 864 2234 r
873 2202 956 2237 Postre-

105 2268 137 2293 rno
148 2260 261 2294 dicendum
270 2261 302 2294 est
310 2261 363 2305 quid
370 2261 399 2295 sit
407 2261 572 2305 dispensationis
581 2261 690 2297 effectum.
699 2261 729 2296 Et
737 2261 799 2303 certe,
816 2261 842 2294 ut
850 2267 875 2294 ea
882 2259 956 2293 obten-

104 2318 133 2357 111,
145 2316 288 2353 ecclesiastica
299 2318 433 2354 sacramenta
444 2318 507 2362 digne
517 2319 540 2352 et
548 2318 606 2352 noire
615 2317 680 2362 recipi
689 2317 781 2361 possunt
790 2328 794 2359 ;
804 2316 837 2351 ita
846 2316 911 2349 etiam
921 2315 956 2349 be-

104 2372 187 2408 neficia.
198 2372 274 2407 Nullus
285 2373 375 2408 enimin
384 2374 470 2409 mortali
480 2374 611 2409 constitutus
620 2374 742 2419 promoveri
752 2374 816 2408 debet
825 2372 956 2415 regulariter,

106 2429 146 2464 nisi
159 2429 294 2474 poenitentia
307 2430 350 2467 iarn
365 2431 459 2473 peracta.
513 2430 568 2464 Item
583 2430 673 2465 effectus
689 2431 722 2465 est
736 2431 818 2464 utiam
834 2428 956 2473 promotus,

106 2494 130 2519 ea
143 2486 240 2527 obtenta,
255 2494 317 2520 suum
332 2486 427 2520 officium
441 2483 499 2521 licite
513 2487 638 2531 exequatur.
654 2486 717 2529 Quod
730 2495 774 2520 non
787 2484 860 2529 potest
874 2492 899 2517 ex
913 2493 955 2527 quo

65 2566 67 2570 ‚
105 2542 224 2577 mortaliter
235 2542 341 2587 peccavit,
355 2543 395 2577 nisi
407 2544 457 2587 post
469 2543 625 2586 poenitentiam
638 2542 756 2577 obtinuerit
769 2540 956 2584 dispensationem,

106 2599 157 2642 quia
169 2606 283 2643 suspensus
297 2599 330 2632 est
342 2599 448 2642 quantum
462 2600 490 2633 ad
499 2596 546 2635 se...
563 2598 617 2633 Item
631 2598 774 2639 11111111111,
789 2598 815 2631 ut
828 2596 957 2632 beneficium

71 2663 74 2666 ’
105 2655 164 2698 quod
174 2654 226 2689 alias
236 2654 294 2689 licite
305 2655 391 2690 retIneri
403 2664 445 2690 non
456 2653 536 2698 potest,
549 2664 573 2690 ea
584 2656 682 2696 obtenta,
694 2655 750 2689 licite
762 2653 835 2688 valeat
847 2653 957 2688 retineri...

106 2710 162 2745 Item
172 2710 260 2745 erfectus
271 2711 304 2744 est
313 2711 338 2745 11
345 2719 410 2756 super
420 2711 507 2746 crimine
516 2712 609 2756 publico,
620 2720 683 2756 super
692 2710 750 2755 quod
760 2710 907 2755 dispensatum
918 2709 957 2751 est,
1006 2740 1007 2743 ,

105 2776 148 2802 non
156 2768 224 2812 possit
233 2767 280 2811 quis
289 2766 379 2802 ulterius
389 2768 505 2805 accusari...
516 2768 592 2803 sivero
604 2768 750 2813 dispensatum
760 2766 857 2800 fueritin
866 2765 957 2806 occulto,

104 2824 159 2859 benc
170 2824 198 2859 ad
209 2823 250 2859 hoc
261 2824 343 2869 poterit
353 2824 455 2866 accusari,
468 2824 519 2868 quia
531 2824 597 2858 ettam
610 2825 659 2869 post
671 2823 827 2868 poenitentiam
839 2822 913 2867 potest
924 2830 958 2859 ac-

70 2871 76 2876 *
105 2880 195 2917 ausari...
205 2894 213 2913 1
224 2880 254 2916 Ut
264 2880 326 2926 patet
335 2880 358 2915 in
366 2879 490 2915 huiusmodi
499 2877 596 2916 textibus
606 2879 760 2923 Decretalistae
769 2877 840 2920 prinus
851 2879 958 2924 dispensa-

104 2934 185 2975 tionem
196 2937 223 2973 ab
235 2935 371 2973 absolutione
382 2936 502 2980 secernunt
886 2927 887 2931 ¹
