2182 3277
172 182 217 240 Ξο8
317 195 350 237 on
360 192 596 238 DiSPENSATIONmUs
608 191 673 235 1111111
684 189 880 243 orcnnrncrsrns

184 305 279 358 Duplex
297 304 359 348 enim
378 303 485 356 assignat
504 303 638 350 Hostiensis
656 306 838 352 tundamentum
850 311 1004 354 matrimonii
1048 331 1049 334 ¹

154 373 201 415 rati
213 385 261 415 non
274 370 439 418 consummati,
453 370 591 414 consensum
600 386 686 427 nempe
698 377 809 418 mutuum
821 379 845 417 et
856 378 997 421 ratificatio-

156 451 209 482 nem
219 437 337 479 Ecclesiae
347 450 352 485 3
362 439 491 490 utrumque
501 440 581 493 autem
592 440 700 482 admittit
709 435 789 484 aetum
800 445 943 487 contrarium
955 444 996 498 (1),

156 509 181 548 et
202 517 327 547 concursus
347 503 471 556 utriusque
491 505 620 555 generatim
641 507 768 560 requiritur
780 507 821 561 (2).
841 508 997 561 Ulteriusvad

159 571 317 614 obiectionem
339 571 413 612 talem
435 570 635 623 dispensationem
657 586 705 615 esse
727 576 812 618 contra
832 576 869 617 ius
889 579 997 621 naturale

156 653 197 682 seu
210 640 293 683 eontra
305 639 459 690 praeceptum
472 636 522 687 Dei,
537 638 578 691 qui
590 640 669 681 vetuit
682 653 789 694 separare
802 644 865 696 quod
879 643 997 697 111111011-

154 706 242 754 iunxit,
262 705 388 756 respondet
407 703 556 746 Hostiensis:
576 709 688 762 etextum
705 708 883 761 intelligendum
901 724 949 753 esse
968 712 996 753 de

155 772 321 816 coniunctione
334 782 380 814 non
392 773 488 814 tantum
501 771 639 822 animorum,
653 774 693 815 sed
706 778 729 816 et
742 788 865 829 corporum
876 793 892 819 1.
903 777 996 831 Anceps
1007 773 1011 776 ’

152 843 235 883 tamen
250 838 332 881 additi
346 854 354 876 1
365 837 418 880 Non
433 838 529 890 expedit
544 840 607 891 qnod
620 840 645 884 in
659 839 702 881 hoe
717 854 771 883 casu
785 841 908 897 [Ecclesia]
928 845 996 888 nimis

153 907 218 949 laxet
226 904 337 953 habenas,
347 915 389 946 nec
397 903 470 945 etiam
478 906 558 945 tutum
567 907 603 944 est
611 919 620 942 u
631 904 665 957 (3)

159 973 161 982 1

147 1105 206 1140 sione
220 1103 302 1148 optimo
316 1102 361 1137 iure
374 1102 452 1136 reicere
466 1102 617 1144 argumentum
632 1112 673 1147 quo
689 1102 827 1140 Innocentius
843 1104 877 1139 ΙΙΙ
889 1106 996 1143 rationem

145 1162 234 1196 reddere
245 1159 332 1196 volebat
342 1158 455 1203 potestatis
467 1158 570 1195 Ecclesiae
583 1160 637 1196 circa
662 1160 794 1204 privilegium
815 1162 931 1205 paulinum.
945 1164 996 1199 Con-

146 1226 224 1259 versus,
236 1217 267 1252 ait
279 1215 419 1256 Innocentius,
431 1214 650 1252 etiam'eonsumnrato
661 1217 684 1251 in
704 1217 830 1253 infidelitate
855 1219 995 1262 matrimonio,

147 1283 195 1309 eum
207 1274 321 1310 christiana
333 1271 455 1307 contrahere
466 1272 543 1316 posset,
557 1273 607 1316 quia
629 1286 637 1304 1
647 1272 703 1307 aliud
715 1274 873 1309 matrimonium
885 1285 927 1310 non
950 1277 996 1310 erat

145 1334 216 1366 ratum
225 1344 239 1367 1,
254 1329 389 1364 «Secundum
403 1328 458 1363 lianc
471 1328 581 1370 rationem,
595 1330 708 1373 respondet
732 1330 857 1373 Hostiensis,
882 1332 995 1367 ratificatio

146 1389 230 1424 videtur
242 1387 316 1420 fortior
329 1394 393 1429 quam
406 1386 564 1421 consummatio.
593 1386 633 1421 Sed
646 1386 747 1420 Dominus
762 1386 896 1422 Innocentius
907 1389 930 1422 in
955 1389 995 1423 bac

146 1444 235 1480 materia
243 1443 327 1479 videtur
335 1442 448 1483 titubasse,
458 1442 483 1475 ut
490 1442 559 1485 patet,
599 1443 630 1476 Tu
639 1451 689 1477 vero
699 1444 756 1477 dicas
766 1444 824 1487 quod
832 1443 875 1479 alia
882 1445 915 1478 est
922 1445 977 1479 ratio
989 1455 993 1478 :

148 1503 222 1537 divina
233 1499 277 1534 scil.
289 1498 399 1540 revelatio,
412 1507 455 1541 qua
465 1497 501 1534 illa
513 1497 639 1533 constitutio
652 1500 697 1534 sive
707 1500 857 1544 interpretatio
866 1501 926 1537 facta
936 1501 995 1536 vide-

146 1559 183 1593 tur
194 1557 222 1592 ad
233 1555 355 1599 exemplum
366 1555 495 1589 Sanctorum
506 1555 543 1598 qui
553 1555 583 1588 sic
594 1556 691 1590 conversi
703 1557 790 1591 suntab
815 1557 927 1601 antiquo...
940 1565 995 1601 quae

147 1616 169 1648 et
183 1613 318 1658 approbatur
332 1612 400 1656 primo
416 1618 454 1654 per
469 1610 592 1655 apostolum
607 1612 728 1647 dicentem:
744 1613 761 1646 si
775 1611 869 1648 infidelis
886 1613 993 1649 discedit..

124 1660 125 1663 ¹
147 1670 240 1712 secundo
250 1677 288 1714 per
297 1668 436 1702 Ambrosium
446 1667 468 1700 et
477 1667 630 1711 Augustinum,
642 1669 678 1711 qni
689 1669 711 1702 11
720 1668 793 1702 reddit
803 1676 877 1704 veram
887 1669 994 1705 rationem

148 1728 207 1772 quod
215 1726 257 1760 hoc
266 1724 309 1760 scil.
332 1724 359 1758 fit
367 1723 442 1761 favore
451 1722 525 1759 fidei...
536 1731 563 1758 ne
572 1723 616 1759 scil.
627 1719 726 1759 infideles
734 1725 876 1762 retrahantur
884 1734 897 1760 a
907 1734 994 1762 conver-

147 1785 213 1825 sione,
229 1782 251 1815 et
265 1789 292 1816 ne
306 1788 422 1816 conversus
430 1779 514 1814 infideli
523 1780 643 1817 adhaereat
657 1789 706 1815 curn
717 1780 853 1831 contumelia
864 1781 994 1818 creatoris...

148 1840 198 1875 ldeo
216 1848 260 1873 non
267 1838 322 1873 facit
335 1837 375 1871 hoe
383 1837 512 1871 constitutio
522 1837 626 1871 canonica
635 1837 672 1871 sed
681 1837 755 1873 divina
763 1838 785 1871 et
795 1838 813 1871 si
820 1838 929 1872 omisisset
936 1839 994 1874 dom.
1037 1847 1038 1850 ’

148 1896 220 1931 1111101.
242 1893 389 1928 subtilitatem
407 1892 562 1927 ratificationis
582 1894 635 1928 satis
655 1894 700 1928 sine
711 1894 759 1938 ipsa
772 1902 825 1928 cena
835 1895 918 1939 poterit
936 1895 993 1940 duci,

147 1952 317 1997 quiaquantum
327 1951 354 1984 ad
362 1949 424 1984 illam
432 1950 507 1993 potest
515 1958 574 1994 papa
584 1950 709 1994 dispensare
719 1950 828 1994 quidquid
836 1949 910 1994 placet
920 1963 934 1985 1,
945 1951 994 1985 Lec-

148 2011 203 2050 turu,
218 2008 231 2042 l.
244 2017 261 2042 c.
872 2040 874 2044 .
951 2010 959 2014 ’·

174 2065 204 2109 (1)
219 2064 302 2098 Nititur
316 2063 361 2096 iure
375 2054 490 2096 Romano:
504 2074 511 2092 t
521 2061 571 2105 quia
586 2062 678 2105 utroque
693 2062 839 2096 consentiente
852 2062 874 2097 in
890 2063 993 2104 dissensu,

146 2123 208 2156 aetus
222 2112 340 2171 contrarius
354 2125 459 2162 congruus
472 2118 600 2152 intervenire
613 2118 691 2161 potest.
705 2119 863 2162 Argumentum
876 2119 909 2152 est
921 2118 994 2163 regula

146 2178 198 2212 iuris
209 2188 212 2211 :
223 2185 260 2221 per
271 2184 323 2219 quas
334 2183 408 2211 causas
418 2182 450 2207 res
461 2174 562 2215 nascitur,
572 2182 610 2217 per
620 2174 704 2209 easdem
715 2175 736 2207 et
745 2175 861 2209 resolvitur
869 2188 882 2210 1,
894 2175 936 2209 Sed
944 2176 994 2219 post

147 2235 215 2271 carnis
230 2232 328 2276 copulam
340 2231 381 2265 boc
393 2239 436 2265 non
449 2231 521 2274 posset
532 2230 587 2271 11111,
601 2231 652 2273 quia
664 2238 702 2264 nee
714 2229 776 2265 actus
790 2231 909 2278 contrarius
921 2232 994 2275 posset

145 2291 200 2333 fieri,
212 2289 295 2324 namin
307 2287 364 2321 iacto
377 2286 476 2321 consistit
487 2286 508 2319 et
519 2294 545 2319 ex
557 2295 598 2330 qne
611 2285 675 2319 semel
686 2286 769 2321 factum
781 2287 814 2321 est
823 2286 929 2322 infectum
947 2287 994 2322 fieri

146 2357 189 2383 non
205 2346 285 2391 potest.

173 2403 203 2447 (2)
219 2403 271 2437 Dico
284 2399 403 2443 generatim,
415 2398 466 2441 quia
476 2397 511 2433 via
524 2398 689 2442 dispensationis
700 2408 744 2434 non·
753 2399 827 2444 potest
839 2398 933 2441 dissolvi,
953 2399 994 2434 nisi

145 2461 238 2503 utroque
252 2456 398 2492 consentiente
411 2456 433 2488 et
445 2455 574 2489 auctoritate
588 2455 667 2499 Papae,
680 2455 711 2489 ita
724 2456 749 2489 ut
761 2463 801 2490 nec
813 2455 879 2500 Papa,
893 2464 932 2490 nec
945 2465 993 2490 con-

145 2516 203 2561 iuges
214 2524 252 2560 per
263 2522 284 2547 se
295 2511 349 2546 solos
359 2511 448 2556 possent
460 2509 579 2549 dissolvere.
858 2513 870 2556 J
904 2503 908 2509 ’

173 2573 282 2607 Fanensis
293 2570 366 2603 tamen
378 2577 422 2603 non
435 2567 529 2601 attendit
540 2568 568 2602 ad
579 2574 715 2611 progressum
728 2567 844 2609 doctrinae,
857 2576 922 2611 quam
935 2567 993 2601 Hos-

146 2637 232 2663 rrENsrs
246 2628 268 2662 in
283 2625 370 2660 Lectum
384 2624 492 2668 proponit.
509 2623 541 2658 Ibi
555 2623 612 2657 enim
627 2623 688 2657 addit
702 2623 800 2658 Summae
814 2637 822 2655 1
832 2623 889 2667 quod
904 2623 995 2657 ecclesia

146 2673 211 2721 etiarn
224 2684 319 2717 statuere
331 2682 404 2725 posset
418 2680 476 2723 qnod
489 2680 565 2715 coniux
578 2680 629 2714 ante
643 2679 710 2713 carnis
724 2679 830 2724 copulam,
844 2680 910 2714 etiarn
923 2680 992 2714 invito

146 2742 243 2776 consorte
256 2739 329 2783 posset
341 2737 464 2781 religionem
476 2736 562 2778 intrare,
577 2736 598 2769 et
611 2735 664 2770 alius
677 2735 699 2770 in
712 2736 795 2771 saeculo
809 2743 920 2771 remanens
944 2745 992 2770 cum

145 2797 187 2832 alia
201 2796 333 2836 contrahere,
345 2794 387 2828 hoc
398 2792 551 2835 impedimento
565 2801 609 2826 non
621 2792 722 2829 obstante
731 2805 744 2827 1.
1011 2823 1013 2830 ,

174 2853 204 2898 (3)
220 2853 265 2887 Nec
276 2851 371 2887 attendit
383 2850 492 2884 Faunum
504 2849 641 2883 Hostiensem
653 2848 695 2882 iam
708 2848 782 2883 mitius
793 2846 852 2890 loqui
864 2846 885 2881 in
898 2846 993 2891 Lectum,

147 2917 196 2943 cum
208 2909 296 2943 omittat
304 2910 310 2941 ἐ
323 2921 330 2940 a
340 2916 353 2942 a
364 2907 453 2951 patrum
465 2905 537 2940 tamen
550 2903 724 2950 responsionibus
736 2913 780 2940 non
794 2903 894 2939 debemus
906 2904 992 2939 omnino

144 2963 243 3002 recedere
253 2964 276 2999 in
287 2965 328 2998 hac
338 2963 399 3006 parte
409 2975 422 2998 1.
