2139 3277
376 230 454 261 rumex
473 212 622 261 amanuncus
673 263 676 265 .
768 253 770 255 .
923 226 966 258 xxr

39 376 41 379 ,
108 380 110 382 ,
172 335 254 380 CAPUT
265 337 283 381 I.
295 337 379 382 Praxis
393 336 444 381 ΒΗ.
460 337 606 383 Pontificum
652 368 886 382 .......
932 336 963 394 62

189 402 190 405 '
220 408 238 444 1.
255 409 310 446 Usus
319 408 645 454 frequentiordispensationum
655 418 680 444 ex
690 409 751 454 parte
761 407 895 448 RR..Ponti-

219 466 291 501 ficum.
303 484 330 492 -
341 465 359 501 2.
372 465 436 502 Ratio
448 466 482 502 cst
492 464 613 502 reformatio
625 465 738 503 Ecclesiae.
751 484 779 490 ——
788 465 807 501 3.
819 465 893 509 Legis-

218 521 270 557 latio
289 520 396 558 Ecclesiae
413 530 476 557 usum
492 522 658 565 frequentiorem
674 522 759 565 probat.
777 540 804 546 -
820 521 838 557 4.
859 520 894 559 Ius

221 578 247 614 R.
261 578 372 613 pontificis
385 587 428 614 non
440 577 502 622 plene
515 578 637 622 agnoscitur
649 578 675 616 ab
690 579 801 624 episcopis.

171 659 252 704 CAPUT
264 661 295 703 II.
307 660 390 705 Praxis
413 662 581 716 episcoporum

174 766 178 767 ⁷
208 731 490 777 ¹1.Aliteptscopitavent
510 732 613 777 potestati
635 731 683 768 aa.
710 731 848 769 Pontificum.
864 749 891 756 -
950 706 952 708 ’

220 789 238 824 2.
255 789 411 828 Contradicunt
425 788 467 825 alii.
483 806 510 813 »-
522 789 541 824 3.
558 786 675 825 Conclusio.

171 871 252 914 CAPUT
264 871 307 915 Ill.
320 871 468 922 Reielluntur
482 872 600 916 doctrinae
612 884 721 916 erroneae
756 903 761 914 .
794 901 798 912 .
825 853 836 912 Ι.
869 902 874 911 .
907 870 957 920 ,69

221 943 238 978 1.
254 942 391 980 Retelluntur
409 943 507 979 doctrina
523 943 658 979 Thomassini
675 942 697 977 et
713 941 803 981 aliorum
822 942 848 992 de
864 949 895 974 re-

220 1000 357 1038 nunciatione
372 1000 520 1044 episcopcrum
534 1008 606 1035 eorum
621 999 710 1040 iuribus,
725 1017 752 1023 -
767 998 785 1034 2.
800 997 905 1033 Boehme-

219 1057 237 1090 ri
246 1056 271 1090 de
278 1056 383 1099 indomito
392 1056 478 1103 pruritu
487 1056 611 1093 dominandi
618 1056 645 1095 R.
654 1055 774 1097 Pontificis
783 1073 810 1079 -κ
817 1054 836 1091 4.
847 1052 895 1091 Gal-

144 1106 145 1109 ’
218 1112 336 1149 licanorum
350 1113 372 1147 ct
384 1112 550 1157 Iosephistarum
562 1114 599 1157 qui
608 1113 656 1149 iura
667 1111 771 1147 minuunt
782 1111 808 1147 R.
820 1110 894 1146 Ponti,-

108 1162 112 1166 ”
171 1213 176 1218 p
218 1168 271 1212 ticis,
284 1188 312 1196 -
324 1169 342 1207 t.
357 1170 455 1206 Fetronii
467 1169 588 1207 invocantis
602 1177 728 1206 consensum
741 1169 896 1219 episcoporum,

460 1330 532 1366 PARS
554 1329 588 1364 ΙΙΙ

176 1439 217 1474 DE
230 1438 540 1476 DISPENSATIONIBUS
553 1440 572 1473 A
586 1436 734 1491 DECRETO
747 1438 899 1478 GRATIANI

193 1493 296 1540 USQUE
307 1497 348 1531 AD
362 1494 511 1531 GLOSSAM
525 1494 725 1532 ORDINARIAM
736 1495 874 1530 DEGRETI

72 1596 74 1599 ’
95 1585 97 1587 ’
111 1587 184 1632 Sectio
194 1589 214 1631 I.
223 1589 348 1633 Doctrina
358 1590 389 1632 de
399 1573 595 1645 dispensatione
603 1590 749 1634 in‘Decreto
760 1589 881 1635 Gratiani

167 1676 333 1723 Praenoicndn.
350 1674 497 1723 Momentum
515 1679 634 1722 doctrinae
652 1678 758 1724 Gratiani
806 1711 811 1721 .
844 1711 849 1721 .
881 1712 886 1721 .
933 1678 962 1721 73

170 1763 251 1806 CAPUT
264 1764 281 1805 l.
294 1764 408 1809 Doctrina
435 1764 542 1809 Gratiani
570 1766 631 1807 circa
657 1765 779 1810 notionem
806 1765 901 1822 dispen-

287 1832 385 1876 sationis
517 1830 519 1834 '
931 1832 961 1876 74

218 1902 236 1937 t.
253 1901 367 1939 Gratianus
385 1902 465 1938 retinet
482 1903 591 1939 notionem
608 1903 695 1938 omnino
713 1901 834 1948 generalem
853 1903 893 1938 dis-

217 1958 353 2003 pensationis.
365 1977 392 1983 -
406 1959 423 1995 2.
440 1959 545 1994 Admittit
560 1960 741 2003 dispensationem
757 1968 782 1994 ex
796 1959 853 2004 post.
867 1978 894 1985 -

217 2014 236 2049 3.
254 2013 315 2052 Illam
329 2025 373 2050 non
389 2015 503 2059 distinguit
516 2024 529 2053 a
544 2014 660 2059 privilegio.
678 2034 704 2041 »-
718 2016 737 2051 t.
755 2016 891 2061 Dispensatio

217 2070 312 2106 medium
324 2069 420 2107 solvendi
432 2072 611 2109 contrarietatem
618 2072 676 2107 iuris.
689 2090 717 2096 —-
726 2072 745 2106 5.
759 2070 784 2107 In
794 2072 842 2117 ipsa
853 2081 892 2110 sua

217 2125 342 2163 collectione
353 2128 398 2171 agit
410 2128 435 2163 de
448 2127 612 2173 dispensatione.

168 2207 250 2252 CAPUT
262 2209 293 2251 ll.
305 2204 419 2254 Doctrina
432 2209 539 2255 Gratiani
552 2212 580 2253 de
591 2209 747 2256 fundamento
760 2211 887 2269 potestatis

285 2275 314 2317 R.
331 2276 457 2319 Pontificis
722 2291 723 2294 ¹

217 2347 235 2381 1.
251 2346 349 2385 Potestas
376 2347 513 2393 dispensandi
538 2349 570 2382 est
596 2347 751 2383 consectarium
777 2348 893 2393 potestatis

215 2402 283 2446 legem
290 2402 377 2438 ferendi.
384 2423 412 2429 —
418 2404 436 2440 2.
446 2404 502 2447 Quid
510 2404 626 2442 Gratianus
632 2404 770 2441 innovaverit
777 2404 893 2440 circaillud

215 2459 381 2511 tundamentum
396 2460 511 2505 potestatis
524 2460 656 2506 pontificiae.

168 2542 306 2594 patuerit.
323 2542 359 2593 Dc
383 2546 504 2598 potestate
528 2542 557 2587 R.
582 2543 709 2589 Pontiiicis
735 2544 886 2609 dispensandi
931 2518 933 2520 Ι

285 2610 423 2663 praesertim
436 2611 515 2665 quoad
527 2611 563 2655 ins
575 2611 684 2656 naturale
720 2642 876 2653 .....
924 2611 953 2664 80
1025 2628 1028 2631 ·

206 2679 234 2721 v1.
250 2679 348 2717 Potestas
362 2679 487 2716 universalis
502 2680 638 2726 dispensandi
651 2681 678 2716 R.
692 2680 804 2715 Pontificis
818 2668 846 2722 ad
858 2681 892 2716 ius

215 2734 313 2773 naturale
325 2745 367 2771 non
379 2737 510 2772 extenditur.
523 2756 551 2762 —
561 2738 579 2774 2.
594 2737 629 2772 Ius
641 2734 740 2772 naturale
752 2737 784 2771 est
796 2730 888 2782 quod-in

215 2793 269 2836 Lege
282 2792 305 2826 et
317 2791 432 2837 Evangelio
447 2793 575 2836 continetur,
595 2812 623 2818 —-
634 2794 652 2829 3.
668 2794 726 2837 quod
738 2792 828 2830 moralia
840 2793 891 2828 atti-

215 2849 258 2890 net,
273 2858 316 2884 non
329 2849 427 2893 mystica.
442 2868 470 2874 -
482 2850 501 2886 4.
517 2851 612 2887 Canones
626 2847 773 2895 apostolorum
787 2851 839 2884 sunt
851 2850 891 2884 im-

215 2903 334 2942 mutabiles.
355 2924 382 2930 -
401 2906 419 2942 5.
441 2906 533 2945 Decreta
552 2906 689 2944 conciliorum
708 2906 894 2952 oecumenicorum

215 2957 331 3007 Evangelio
348 2962 521 3015 aequiparantur,
