2182 3277
89 167 90 170 =
136 137 181 187 222
307 160 340 189 00
351 142 588 196 DrsPEnsnrronrssos
601 159 666 191 arun
677 152 889 192 ononurntrsrns‘

135 264 174 314 III
189 265 311 309 insecutus
328 270 364 309 est
379 268 452 310 etiam
468 255 640 310 Cautasrinus
657 268 694 310 III
711 268 831 323 (ilai-98)
849 268 1006 322 dispensatio·
1071 255 1090 323 ,Ἴ

135 343 189 376 nem
204 332 342 377 ordinandis
356 334 532 378 concedendam
547 336 577 377 ad
592 336 746 380 auferendam
759 335 879 389 bigamiae
891 335 1005 389 irregula-

133 398 231 440 ritatem
250 399 353 452 rigorose
372 399 494 443 «alienam
515 414 528 443 a
548 399 658 443 d‘octrina
676 400 806 454 Apostoli»
826 400 948 456 declarans
961 399 995 454 (1)
1041 420 1062 425 ’-

134 462 203 506 Idem
220 465 336 508 sustinuit
355 466 522 507 Innocentius
535 466 573 507 ΙΙΙ
593 466 744 521 (1198-1216)
763 467 913 520 proclamans
930 481 939 504 r
950 479 1004 509 cum

133 529 228 582 bigamo
245 534 329 574 contra
345 532 448 586 apostoli
464 533 599 576 doctrinam
611 534 745 586 dispensare
756 548 766 571 u
780 544 828 577 non
844 531 914 574 licere
925 531 967 586 (2).

165 595 223 639 Cum
240 599 321 642 tamen
339 598 379 640 alii
395 595 527 641 Pontifices
545 599 673 653 aliquando
692 611 746 642 cum
762 599 865 652 bigamis
882 611 956 652 usque
974 599 1005 658 ad

133 662 334 708 subdiaconatum
346 664 380 719 (3)
399 667 424 707 et
442 665 574 708 criminosis
593 665 791 719 dispensaverint,
811 665 901 718 priores
919 663 1005 707 Decre-

82 736 83 739 ’
132 729 230 771 talistae
244 731 361 784 ancipites
374 731 473 774 haerent
485 731 511 776 in
525 732 692 774 conciliatione
705 734 818 774 textuum
833 742 887 773 cum
901 731 977 784 praxi.

161 791 381 839 2.'Diiiicultatem
400 798 477 840 valde..
489 798 612 850 ingeniose
631 798 705 839 variis
725 798 810 841 mediis
831 797 935 841 solvunt.
956 796 1004 838 Alii

131 866 228 904 textum
241 863 448 916 interpretantur:
462 864 618 915 «apostolum
632 866 730 906 tantum
744 863 895 916 prohibuisse
909 866 965 905 actu
978 863 1003 907 in

133 928 230 972 crimine
248 929 378 971 existentes
396 929 511 977 ordinare,
531 941 579 972 non
597 932 677 972 autem
696 929 839 982 dispensare
851 940 905 971 cum
922 930 1004 982 poeni-

131 993 240 1040 tentibus
250 1010 259 1033 »
271 994 312 1048 (l).
326 994 381 1044 Alii,
396 994 500 1050 admissa
513 994 692 1049 dispensatione
704 995 729 1038 in
742 995 792 1048 iege
806 996 835 1036 de
848 1006 896 1039 non
909 1007 1004 1049 promo-

130 1062 209 1106 vendo
229 1061 363 1110 criminoso,
383 1074 412 1103 ex
429 1061 535 1114 paritate
552 1061 653 1107 rationis
671 1061 818 1105 concludunt
836 1061 867 1103 ad
885 1060 1004 1114 possibili-

130 1130 209 1170 tatem
223 1127 408 1181 dispensationis
422 1138 474 1170 cum
487 1126 600 1180 bigamo:
613 1128 690 1181 «quia
703 1128 783 1171 necin
796 1127 841 1168 hoc
855 1139 911 1169 casu
923 1127 1003 1181 prohi-

130 1193 185 1235 buit
204 1194 326 1247 apostolus
345 1194 489 1247 dispensare,
509 1195 550 1236 sed
568 1196 665 1236 tantuin
683 1194 793 1238 ordinare
804 1209 812 1232 r
824 1192 867 1247 (5).
901 1193 955 1242 Alii,
967 1195 1003 1236 ¹ut
1031 1226 1036 1228 ,

131 1260 290 1309 TANGREDUS,
310 1259 436 1303 affirmant
453 1259 515 1303 hanc
532 1262 679 1313 potestatem
696 1259 776 1313 Papae
795 1262 929 1313 competere
946 1260 1003 1313 quia

131 1324 185 1370 cum
198 1326 448 1380 bigamodispensare
462 1341 470 1363 c
481 1338 529 1371 non
544 1330 581 1369 est
596 1329 679 1371 contra
692 1325 837 1379 Apostolum
852 1326 893 1367 sed
907 1329 1003 1378 praeter

129 1393 299 1447 Apostolum»,
316 1397 341 1435 et
355 1392 503 1436 haesitanter
519 1393 613 1436 addunt
626 1404 730 1446 «capere
744 1392 841 1434 videtur
856 1390 1002 1445 quibusdam
1020 1416 1023 1418 —

131 1459 226 1503 etmihi
238 1461 302 1514 quod
314 1460 425 1504 dominus
436 1458 502 1512 Papa
514 1460 604 1501 directe
616 1461 699 1503 contra
709 1458 853 1512 Apostolum
866 1458 1002 1511 dispensare

129 1529 217 1579 posset,
232 1526 377 1580 quiamaior
390 1525 462 1568 estin
475 1522 684 1568 administratione
709 1536 782 1578 quam
806 1523 880 1566 tuerit
904 1523 1000 1573 Paulus,

129 1596 153 1633 et
165 1592 242 1634 iertur
255 1593 296 1634 sed
309 1593 426 1646 scriptum
439 1603 486 1636 non
499 1591 550 1633 vidi
576 1592 640 1645 quod
662 1590 751 1632 Lucius
769 1602 833 1644 papa
853 1590 1002 1644 dispensavit

129 1671 183 1703 cum
192 1658 288 1712 bigamo
299 1671 374 1713 usque
385 1659 415 1701 ad
425 1658 586 1701 sacerdotium
596 1673 605 1696 r
616 1656 658 1711 (b).

203 1800 221 1828 c.
231 1790 251 1833 3,
260 1790 289 1826 X.
299 1789 331 1824 De
340 1788 437 1832 biremis,
448 1786 464 1832 Ι,
473 1787 507 1825 21,

202 1857 221 1884 c.
232 1847 253 1890 4,
265 1847 287 1881 et
298 1846 318 1889 7,
329 1846 358 1882 Χ.
372 1845 402 1880 De
414 1843 510 1888 bicornis,
523 1843 541 1886 Ι,
552 1843 587 1882 21.

204 1913 221 1940 e.
234 1903 267 1946 18,
278 1903 304 1939 D.
316 1901 423 1938 XXXIV.

92 1986 95 1990 -
165 1961 187 2006 4)
201 1957 357 2001 Lnunmrr'ru's
371 1958 405 1994 cit.
420 1966 454 2001 ap.
468 1957 670 1997 Ancummconuiu,
686 1954 809 1997 Rosuriunu
823 1954 919 1997 011056,
936 1955 962 1990 D.
975 1954 1000 1992 L,

128 2017 159 2055 Ci.
172 2018 240 2054 etiam
251 2025 317 2061 supra
327 2016 403 2050 textus
414 2013 528 2050 Laurentii
539 2014 562 2047 et
573 2012 633 2048 Petri
645 2012 671 2046 de
682 2010 801 2055 Sampsone
812 2011 835 2046 in
845 2010 889 2047 hac
900 2009 1000 2055 materia,

143 2103 148 2111 .
168 2074 215 2109 181,
552 2108 553 2111 ¹

126 2084 140 2119 p
156 2130 186 2176 (5)
203 2129 235 2165 Gi.
245 2129 291 2163 ord.
301 2129 330 2165 ad
338 2137 359 2164 v.
370 2126 499 2171 dispensare,
509 2134 525 2160 c.
536 2124 556 2166 2,
566 2124 595 2161 X.
606 2124 636 2158 De
646 2122 743 2166 tincturis,
755 2122 770 2164 Ι,
781 2121 806 2157 21
816 2132 821 2164 ;
836 2122 864 2166 gl.
875 2122 1000 2166 Tartenum,

126 2188 155 2224 ad
167 2197 184 2224 c.
198 2185 217 2228 2,
230 2184 304 2229 Comp.
318 2183 334 2225 1,
348 2182 377 2225 ΙΙ,
391 2183 423 2217 13.
435 2194 443 2213 (ι
452 2182 519 2217 Video
532 2181 590 2216 enim
602 2180 661 2225 quod
672 2175 791 2222 Apostolus
803 2175 918 2224 prohibuit
929 2179 1000 2230 orimi-

125 2252 204 2280 nosum
219 2241 337 2276 ordinari...
354 2240 376 2272 et
391 2238 450 2283 quod
464 2237 571 2282 episcopis
594 2235 659 2270 liceat
675 2236 799 2278 dispensare
815 2243 864 2268 cum
879 2235 999 2270 criminosis

126 2300 171 2336 scil.
184 2307 234 2335 curn
245 2297 359 2335 adulteriis
371 2296 393 2329 et
404 2294 523 2329 minoribus
536 2293 662 2327 criminibus
673 2290 798 2334 implicatus
810 2291 866 2326 est...
879 2290 902 2324 et
912 2300 955 2326 non
967 2292 1000 2325 est

124 2358 201 2393 contra
215 2354 340 2399 apostolum
354 2353 391 2387 sed
404 2347 490 2396 praeter
504 2348 642 2393 apostolum;
658 2348 747 2391 quidam
757 2348 835 2399 tamen
850 2347 926 2381 dicunt
940 2348 999 2391 quod
1038 2398 1040 2400 q

125 2413 231 2459 episcopis
241 2411 300 2447 nullo
311 2409 376 2443 modo
388 2409 511 2451 dispensare
521 2405 573 2442 licet
583 2414 632 2440 cum
641 2404 736 2447 bigamo,
748 2403 770 2437 et
780 2404 797 2437 si
807 2403 945 2440 ordinaretur
954 2413 999 2439 non

124 2468 232 2515 reciperet
241 2467 375 2505 caracterem
385 2465 442 2499 sicut
451 2471 491 2498 uec
500 2463 582 2504 asinus,
593 2460 616 2496 et
626 2460 703 2496 dicunt
713 2460 772 2504 quod
782 2460 891 2495 Martinus
901 2468 944 2494 non
954 2458 999 2494 run

124 2535 182 2573 papa
191 2539 206 2562 a.
219 2525 257 2560 Ms.
269 2524 319 2559 Vat.
331 2522 371 2559 lat.
383 2532 403 2557 n.
416 2519 476 2562 1377,
487 2518 524 2556 101,
537 2518 570 2554 18.
959 2569 960 2572 Ἴ

152 2583 183 2629 (d)
200 2581 253 2617 ibici.
267 2578 434 2615 —Omittimus
446 2576 518 2613 varias
531 2574 684 2610 distinctiones
696 2572 775 2615 quibus
793 2572 849 2607 varii
871 2571 997 2608 canonistas
1035 2574 1037 2577 ⁴

123 2641 145 2675 in
161 2641 202 2677 hac
217 2637 309 2673 materia
325 2633 464 2677 distinguunt
477 2632 584 2675 bigamos,
598 2629 652 2667 alios
667 2636 745 2672 nempe
759 2627 927 2672 promovendos,
942 2626 997 2664 aiios

123 2695 243 2740 promotos,
251 2693 324 2737 quoad
331 2692 417 2727 ordines
424 2689 515 2724 maiores
522 2687 557 2723 vel
564 2687 664 2727 minores,
671 2684 725 2722 aiios
732 2684 806 2728 quoad
813 2683 996 2720 subdiaconatum

124 2752 234 2788 exclusive
250 2750 286 2786 vel
300 2747 421 2787 inclusive3
438 2745 492 2780 item
508 2743 634 2778 omittimus
650 2740 822 2777 controversiam
837 2738 913 2774 utrum
929 2745 997 2774 necne

124 2810 224 2853 bigamus
237 2808 303 2842 etiam
316 2814 343 2839 ex
357 2801 518 2848 dispensatione
531 2798 645 2835 ordinatus
657 2797 750 2848 recipiat
762 2795 917 2838 characterem,
930 2795 998 2839 prout

123 2873 199 2901 revera
210 2863 287 2906 legista
298 2863 430 2897 NrcHoLAus
443 2858 556 2892 Funiosus
567 2854 697 2893 affirmabat
707 2853 774 2890 talem
786 2861 829 2887 non
841 2850 890 2898 plus
902 2852 1002 2896 recipere,

124 2920 271 2958 characterem
285 2927 351 2963 quam
364 2918 381 2952 si
393 2915 467 2952 asinus
479 2912 624 2948 ordinaretur.
639 2910 670 2946 Ci.
686 2908 718 2944 Io.
732 2909 797 2945 HisP.
809 2917 839 2942 00
854 2907 995 2952 1301000000,

123 2980 220 3020 Summa,
231 2976 259 3011 ad
269 2975 304 3011 tit.
315 2974 340 3009 de
349 2972 446 3017 bruonis,
457 2979 496 3007 ms.
509 2970 545 3006 cit.
557 2968 608 3004 Vat.
619 2966 658 3002 iat¹
670 2975 691 3002 n.
703 2964 765 3001 2343.
