2139 3277
135 185 260 224 bocrnm'n
269 180 637 223 nuenurrsrnnuiriieoisrncro
647 174 868 241 niseenssrrorvuir
907 182 949 224 129
1016 178 1018 180 ’

109 303 158 346 aliis
169 300 226 344 locis
234 304 366 356 sequuntur
378 302 493 355 quosdam
502 303 611 358 antiquos
620 302 734 346 civilistas
742 302 951 359 Romanosquiut

108 365 251 422 diximus(l),
260 367 406 419 probabilius
414 381 461 409 non
470 369 647 422 distinguebant
653 370 690 412 ius
699 365 807 414 naturale
815 386 829 414 a
836 372 887 414 iure
893 382 948 425 gen-

108 425 281 486 tiun1.Quidam
291 433 386 487 insuper
397 437 476 478 totum
486 434 523 476 ius
535 435 673 477 canonicum
684 441 771 480 vocant
783 439 891 483 divinum
904 437 946 492 (2).

129 503 158 543 Ἰ2.
171 502 310 544 Doctrinam
320 498 403 551 Rufini
414 501 441 542 de
452 501 626 554 dispensatione
635 502 948 559 iniurenaturaegeneratim

108 568 360 622 riporoseDecretistae
371 567 556 620 interpretantur.
569 568 622 609 ideo
633 580 680 609 non
690 573 763 621 agunt
772 572 800 613 de
810 573 948 626 quaestione

109 637 188 676 utrum
204 635 270 688 Papa
295 633 322 678 de
338 633 484 690 plenitudine
501 646 556 675 suae
571 634 697 686 potestatis
713 636 767 677 huic
782 637 826 678 iuri
843 640 948 692 derogari

109 701 190 754 possit,
204 713 246 743 nec
258 702 304 744 ullo
318 702 388 745 modo
402 699 552 752 distinguunt
564 698 629 742 varia
641 702 767 754 praecepta
779 705 878 748 moralia
889 719 949 760 quae

107 768 132 810 in
148 767 207 820 Lege
223 772 248 809 et
263 757 392 821 Evangelio
409 765 561 808 continentur
573 765 613 819 (3).
631 765 771 812 Doctrinam
788 783 855 814 suam
872 772 950 825 plures

64 827 69 882 J
110 833 397 888 antiquioresapplicant
417 831 488 874 variis
510 832 602 874 casibus
624 826 697 890 etiam
717 827 741 876 in
763 836 849 894 quibus
871 838 951 890 praxis

110 899 165 943 ΒΗ
176 900 321 944 Pontificum
335 899 364 943 ab
379 897 459 941 eorum
474 899 581 942 doctrina
595 898 689 941 differre
702 893 804 945 videtur.

139 966 159 1008 3.
177 966 234 1010 Cum
245 966 342 1015 Rufino,
354 966 432 1019 plures
443 963 476 1018 (1)
496 964 667 1008 inhaesitanter
680 967 764 1009 docent
775 972 859 1014 votum
879 971 947 1014 abso·

109 1034 157 1074 lute
174 1033 266 1076 iactum
283 1046 332 1075 esse
349 1030 538 1084 indispensabile‚
558 1031 613 1085 quia
630 1024 783 1086 praeceptum
799 1036 858 1078 iilud
876 1037 949 1082 adim·
1001 1035 1002 1039 ’

109 1098 188 1153 plendi
201 1099 291 1151 exlege
304 1097 428 1142 moralium
441 1097 535 1149 pendet.
552 1097 616 1139 Idem
630 1096 740 1141 Sicardus
754 1101 822 1142 docet
835 1104 863 1144 de
876 1102 949 1157 impe-

111 1164 213 1208 dimento
229 1162 443 1217 consanguinitatis
456 1162 480 1203 in
494 1163 595 1204 secundo
610 1164 692 1215 gradu,
708 1164 764 1220 quia
777 1168 906 1220 prohihffl0
920 1169 952 1211 le.

109 1232 172 1285 gitur
183 1231 207 1273 in
220 1231 463 1273 VeteriTestamento
486 1227 526 1281 (5).
556 1228 637 1272 Simon
652 1231 680 1271 de
693 1230 815 1275 Bisiniano
835 1235 908 1278 etiam
921 1233 949 1277 R.
978 1268 979 1271 ,

109 1297 221 1340 Pontifici
237 1298 337 1350 denegat
352 1297 496 1349 potestatem
513 1295 664 1348 dispensandi
678 1295 702 1338 in
718 1298 793 1351 primo
809 1303 832 1342 et
847 1303 949 1344 secundo

110 1365 184 1417 gradu
199 1361 430 1416 consanguinitatis:
445 1376 454 1397 r
464 1360 516 1402 Hoc
532 1361 594 1403 enim
609 1364 633 1402 et
647 1362 686 1404 lex
700 1364 816 1407 naturalis
829 1366 950 1421 improbat

110 1434 133 1472 et
148 1427 251 1472 Mosaica
267 1430 406 1476 detestatur,
423 1427 518 1469 dicens:
534 1440 581 1469 non
595 1428 711 1471 revelabis
725 1431 900 1484 turpitudinem
915 1447 951 1476 so-

109 1497 166 1539 roris
178 1499 259 1553 tuae...
275 1494 362 1538 Contra
374 1494 448 1546 legem
461 1494 593 1537 naturalem
606 1494 669 1538 enim
682 1496 703 1537 ei
717 1496 851 1550 dispensare
864 1511 912 1542 non
923 1501 950 1542 li-

110 1567 146 1605 cet
156 1562 198 1616 »(6)
214 1583 218 1604 ;
236 1560 374 1613 Quaestioni
389 1563 469 1602 utrum
483 1559 634 1613 Apostolicus
649 1573 702 1605 cum
717 1563 836 1607 homicida
851 1566 892 1621 qui
907 1567 950 1608 cri·
986 1557 988 1559 '

102 1635 162 1674 'mon
181 1641 249 1671 suum
268 1631 351 1681 sponte
369 1625 487 1668 commisit
501 1626 576 1679 possit
592 1626 733 1680 dispensare,
749 1629 848 1674 Ioannes
864 1631 950 1685 Hispa-

36 1719 39 1722 >
110 1709 153 1738 nus
161 1696 287 1748 respondet
297 1691 404 1746 quosdam
414 1691 489 1734 dicere
499 1692 560 1735 hanc
568 1695 713 1746 potestatem
722 1694 743 1736 ei
752 1691 799 1739 non
809 1700 948 1751 competere,

111 1762 139 1803 ob
151 1760 267 1806 rationem
280 1772 333 1801 cum
347 1758 464 1802 communi
478 1758 586 1802 doctrina
597 1759 692 1804 omnino
707 1760 878 1812 cohaerentem,
892 1764 949 1818 quia

132 1883 161 1929 (1)
180 1882 209 1921 Cl.
223 1891 294 1928 supra,
308 1890 329 1928 p.
345 1880 376 1919 si.
609 1905 610 1908 η
874 1909 876 1911 ,

134 1940 163 1985 (2)
180 1941 209 1977 Cf.
222 1941 328 1982 sicardus,
341 1940 390 1975 Cod.
402 1945 440 1975 ms,
452 1938 487 1975 cit.
499 1936 535 1975 iol.
547 1936 587 1983 571,
598 1938 626 1976 ad
636 1937 662 1977 D.
676 1937 699 1984 13
718 1939 783 1978 etiam
793 1939 829 1981 iol.
841 1941 875 1980 '581
884 1947 913 1981 ad
923 1941 949 1983 D¹

106 1996 167 2033 VIII.
182 2010 188 2029 i(
233 1997 271 2030 sed
283 2004 354 2031 nonne
366 1996 412 2029 iure
426 1995 498 2031 divino
512 1996 553 2030 hoc
566 1997 597 2030 est
610 2005 689 2040 meum,
702 1998 756 2033 illud
768 2000 838 2037 tuum.
859 2002 950 2038 Videtur

107 2053 164 2097 quod
173 2053 218 2087 iure
228 2053 337 2094 canonico,
349 2052 407 2095 quod
416 2052 503 2095 quidem
514 2052 610 2104 divinum
620 2054 659 2089 est.
671 2053 795 2091 R.Laborat
804 2056 827 2092 in
837 2058 950 2102 equivoca

106 2111 171 2151 tione,
184 2109 235 2153 quia
245 2109 278 2143 ius
292 2109 389 2143 divinum
402 2108 480 2142 dicitur
492 2104 611 2153 multiplex,
625 2110 649 2143 ut
661 2111 890 2151 s,›1,-Etsevesa-3d
901 2116 926 2151 D·
941 2115 950 2150 Ι

56 2172 57 2175 ’
108 2166 176 2201 dixit:
187 2177 194 2195 r
204 2166 237 2199 ius
249 2165 347 2200 divinum
359 2164 436 2198 dicitur
446 2173 459 2200 a
470 2164 515 2198 Deo
527 2165 652 2207 insitum,ut
663 2166 696 2201 ius
707 2168 820 2211 naturaie;
831 2179 869 2214 per
880 2171 950 2206 Deum

107 2223 225 2264 conditum,
238 2222 264 2255 ut
275 2221 308 2255 ius
321 2221 454 2262 mosaicum}
467 2230 480 2256 a
493 2221 538 2255 Deo
551 2223 642 2264 editum„
654 2223 679 2256 ut
691 2224 723 2257 ius
737 2226 899 2269 evangelicum
911 2217 959 2272 pro'

108 2279 152 2313 Deo
163 2278 314 2320 constitutum,
325 2278 351 2311 ut
359 2277 392 2310 ius
403 2277 552 2313 canonicum».

135 2333 164 2378 (3)
180 2334 285 2378 Exceptio
296 2333 323 2368 iit
332 2342 370 2378 pro
381 2332 490 2369 mandatis
500 2333 690 2370 coeremoniaiibus
700 2336 722 2369 et
731 2335 860 2381 figurativis,
871 2339 897 2373 ut
906 2347 950 2376 sae-

108 2398 134 2434 pe
146 2390 245 2426 diximus.
447 2385 451 2387 ⁴

135 2446 165 2490 (4)
182 2446 211 2481 Io.
221 2446 341 2490 Hispanus,
351 2444 465 2488 Hupuccio,
476 2445 502 2481 cf.
512 2443 575 2489 infra,
585 2455 605 2490 p.
616 2445 661 2482 130.

136 2502 165 2546 (5)
183 2503 232 2538 Cod.
245 2511 283 2538 ms.
297 2502 332 2537 cit.
345 2500 381 2536 iol.
394 2500 439 2536 150.

135 2558 164 2602 (6)
181 2559 230 2594 Cod.
243 2566 282 2593 ms.
295 2558 331 2594 cit.
343 2556 379 2592 iol.
392 2557 435 2592 481,
447 2570 455 2588 a
466 2557 490 2592 In
502 2558 570 2602 primo
582 2557 616 2594 vel
627 2559 720 2593 secundo
732 2561 800 2603 gradu
812 2560 902 2597 dicimus
923 2562 949 2600 R.

108 2613 236 2649 Pontificem
247 2623 290 2649 non
302 2621 364 2658 posse
376 2613 505 2656 dispensare.
529 2614 577 2648 Hoc
595 2614 652 2649 enim
669 2615 704 2649 lex
715 2616 821 2652 naturalis
832 2619 950 2664 improbat,

107 2671 129 2704 et
137 2672 229 2709 mosaica
238 2670 359 2705 detestatur
368 2669 438 2704 dicens
448 2679 453 2702 ε
462 2679 505 2705 non
512 2669 616 2718 revelabis
624 2671 783 2715 turpitudinem
791 2676 869 2710 sororis
877 2676 950 2713 tuae...

107 2728 181 2764 contra
193 2728 261 2771 legem
274 2726 331 2761 enim
343 2724 464 2761 naturalem
477 2727 496 2760 ei
509 2726 631 2770 dispensare
644 2736 687 2762 non
699 2727 770 2765 licet...
781 2742 796 2764 v.
812 2730 836 2767 In
849 2732 891 2766 alio
903 2733 949 2768 ioco

107 2784 194 2818 scribit:
208 2778 283 2818 «Nota
297 2781 355 2826 quod
368 2781 407 2815 soli
420 2781 522 2816 Pontifici
535 2782 618 2818 licitum
633 2783 666 2816 est
680 2787 889 2829 consanguineorum
903 2798 951 2824 con-

106 2839 251 2875 iunctionibus
268 2837 448 2882 dispensationem
463 2838 580 2880 adhibere;
603 2840 640 2882 qui
655 2839 742 2883 quidem
757 2841 779 2877 in
794 2843 859 2878 tertio
883 2846 950 2888 gradu

71 2933 73 2935 ,
107 2896 129 2929 et
138 2897 242 2941 deinceps,
251 2896 309 2929 iusta
318 2902 381 2929 causa
390 2894 500 2936 suadente,
511 2895 632 2939 dispensare
640 2896 721 2939 poterit
729 2910 743 2934 ».
755 2897 807 2933 Inde
816 2899 890 2936 Simon
897 2900 951 2937 illud

108 2952 169 2985 docet
181 2953 225 2987 iam
238 2952 288 2986 ante
302 2950 420 2992 Sicardum,
442 2950 502 2993 quod
513 2949 620 2984 immerito
633 2952 725 2993 negatur
736 2962 749 2987 a
762 2954 882 3000 Srincnsn,
894 2966 912 2994 o.
926 2967 950 3001 c,

107 3007 128 3051 p.
138 3007 184 3044 657.
195 3008 255 3043 idem
265 3007 328 3042 docet
337 3005 497 3051 instruamus,
508 3007 558 3044 Cod.
564 3016 606 3052 ms.
616 3008 653 3046 cit.
662 3007 699 3045 iol.
709 3000 763 3048 261i.
