2182 3277
108 201 152 255 tol
224 215 258 253 DE
272 214 508 262 ursinusnrroiussus
523 215 589 253 arui>
604 215 809 255 ntentrntrsrns·

209 397 296 451 §1.-
312 397 347 439 De
359 397 498 465 definitione
510 396 694 453 dispensationis
707 411 776 457 sensu
789 399 856 461 strici
894 450 897 453 A

137 521 156 567 1.
174 526 257 570 Glossa
268 519 389 583 ordinaria
400 527 503 587 Decreti,
516 540 545 569 ex
555 527 646 572 Rufino
659 529 745 574 definit
756 520 959 584 dispensationem
971 540 976 568 z

105 593 181 635 «iuris
199 594 331 637 communis
347 595 528 642 relaxationem,
546 594 638 637 iactam
655 608 709 638 cum
726 590 811 638 causae
829 593 974 647 cognitione,
1003 625 1006 627 -

106 658 136 701 ab
146 672 171 701 eo
181 660 223 714 qui
230 660 267 702 ius
276 659 349 702 habet
358 661 512 714 dispensandi
522 676 530 698 n
542 660 583 715 (1).
598 661 668 702 Hono
677 659 836 716 definitionem
846 673 927 704 omnes
945 661 976 703 ad

104 738 179 768 unum
194 729 303 775 auctores
318 729 360 769 aut
374 727 519 771 verbotenus
533 727 640 772 referunt
663 732 709 771 aut'
719 729 799 782 quoad
823 739 872 771 rem
887 727 975 770 saltem

105 792 241 837 admittunt
252 792 302 847 (2);
332 806 388 837 nam
403 807 473 849 saepe
489 798 617 838 occurrunt
632 795 705 838 etiam
722 795 782 838 aliae
798 792 971 839 definitiones:

103 872 112 896 n
122 860 225 913 provida
235 860 292 902 iuris
304 861 436 904 communis
447 861 570 910 relaxatio,
583 859 691 903 utilitate
702 860 752 903 sive
764 861 906 903 necessitate
917 872 975 913 pen-

104 928 158 968 sata
168 941 177 963 n
189 926 228 967 vel
241 941 249 964 n
259 925 342 978 rigoris
353 926 413 968 iuris
426 939 467 980 per
480 939 540 976 eum,
555 928 585 969 ad
599 939 670 981 quern
683 929 785 981 spectat,
801 926 912 969 canonice
925 925 975 968 lac-

103 994 130 1034 ta
142 991 258 1034 relaxatio
269 1006 278 1029 n
289 991 330 1045 (3).
346 991 452 1034 Ulterius
464 1005 528 1042 vero,
542 994 572 1036 ad
586 993 752 1036 definitionem
764 992 837 1035 latius
850 992 975 1036 enuclean-

102 1058 165 1106 dam,
183 1058 306 1111 explicant
322 1061 379 1112 post
396 1057 583 1112 Huguccionem,
602 1060 710 1114 quidvsit
726 1059 799 1112 rigon
816 1058 874 1114 quid
896 1059 932 1100 ius
950 1060 974 1100 et

100 1124 163 1178 quid
173 1125 297 1178 aequitas.v
308 1124 414 1177 Riporem
429 1125 527 1180 quidam
540 1129 631 1170 vocant
644 1141 653 1163 c
664 1125 838 1168 districtionem
851 1125 909 1180 iuris
924 1125 974 1167 sive

100 1203 222 1235 excessum
232 1206 249 1240 n,
263 1194 287 1233 et
300 1207 308 1229 r
319 1191 487 1235 austeritatem
499 1191 556 1234 iuris
569 1193 692 1246 scriptam,
713 1192 848 1246 aliquando
872 1192 902 1233 ad
926 1194 973 1233 ter·
1023 1224 1025 1227 .

99 1254 203 1307 rorem»,
216 1260 240 1299 et
252 1258 395 1312 quandoque
407 1258 508 1311 rigorem
519 1271 561 1312 pro
574 1260 657 1303 eodem
669 1258 760 1302 babent
771 1270 799 1300 ac
810 1257 972 1300 subtilitatem

98 1324 164 1366 iuris.
189 1323 232 1365 Ius
244 1336 300 1366 vero
308 1327 403 1383 uvocant
415 1340 424 1362 n
436 1327 512 1367 artem
524 1324 581 1368 boni
594 1328 620 1367 et
633 1326 703 1379 aequi
714 1340 730 1366 n.
750 1324 898 1376 Aequitotem
918 1326 973 1367 tan·

66 1406 68 1409 ⁴
99 1391 154 1434 dem
168 1390 287 1435 definiunt
300 1390 438 1434 «iustitiam
453 1391 546 1433 dulcore
560 1391 737 1435 misericordiae
745 1392 925 1444 temperatam»,
934 1390 973 1432 vel

97 1471 106 1494 o
119 1460 213 1501 motum
225 1456 393 1501 rationabilem
406 1460 528 1510 regentem
540 1458 730 1501 misericordiam
744 1460 768 1499 et
782 1457 883 1509 rigorem
893 1472 902 1495 n
913 1455 954 1510 (4),

130 1523 168 1565 Ex
177 1522 354 1566 commentariis
364 1525 501 1567 eorumdem
512 1527 637 1566 auctorum
648 1523 747 1566 diversis
756 1524 781 1566 in
790 1523 848 1564 locis
857 1522 971 1577 inspectis

103 1590 218 1632 deducere
234 1602 367 1644 possumus,
385 1602 504 1644 quaenam
520 1594 584 1632 certo
601 1590 631 1633 ab
648 1589 758 1635 omnibus
775 1589 971 1638 admittantur,et

97 1668 216 1711 quaenam
227 1656 298 1699 dubie
308 1656 386 1699 adhuc
396 1659 561 1711 proponantur
570 1656 633 1700 circa
643 1657 766 1699 notionem
777 1654 969 1709 dispensationis.

97 1723 133 1765 De
141 1736 225 1766 causae
234 1723 368 1776 cognitione
375 1726 400 1765 et
407 1724 435 1765 de
448 1726 551 1772 auctore,
560 1723 684 1777 dequibus
692 1723 717 1765 in
729 1721 870 1764 delinitione
883 1721 968 1774 agitur,

95 1793 180 1844 postea
193 1789 356 1845 tractabimus.
380 1789 524 1843 Progressus·
534 1789 656 1832 doetrinae
671 1788 774 1832 maxime
789 1789 867 1830 elucet
885 1788 910 1832 in
925 1788 969 1830 hoc

96 1857 246 1911 quodplura
259 1856 308 1898 iarn
324 1868 371 1901 non
388 1856 532 1908 exhibentur
546 1859 575 1898 ut
591 1855 799 1909 dispensationes;
816 1854 876 1897 talia
893 1858 966 1898 sunt:

95 1923 153 1976 legis
170 1922 299 1976 derogatio,
317 1922 440 1965 absolutio
454 1923 538 1966 saltem
554 1936 568 1965 a
584 1922 697 1971 censuris,
714 1921 771 1975 legis
787 1921 963 1974 interpretatio,

94 2002 155 2043 quae
168 1989 249 2033 omnia
265 1988 444 2037 antea-nornine
458 1988 642 2043 dispensationis
655 1987 792 2032 veniebant.

123 2057 145 2098 2.
163 2055 230 2097 Licet
242 2054 290 2097 fere
303 2067 391 2105 omnes,
406 2068 461 2099 cum
473 2056 550 2108 glossa
563 2054 691 2101 ordinaria,
704 2054 799 2098 silentio
813 2056 967 2108 praetereunt

92 2126 175 2167 notam
187 2121 324 2176 specificam
336 2135 349 2165 a
361 2121 451 2167 Rufino
463 2122 586 2174 traditam,
600 2121 804 2175 dispensationem
815 2132 901 2174 nempe
913 2133 964 2163 esse

122 2305 153 2351 (1)
170 2304 202 2341 Gl.
217 2304 261 2341 ord.
276 2304 336 2340 adv.
349 2303 463 2348 plerisque,
477 2312 494 2339 c.
509 2303 527 2345 5,
541 2303 562 2339 C.
578 2301 595 2345 Ι,
609 2312 629 2347 q.
644 2302 662 2339 7.

121 2362 152 2407 (2)
169 2361 322 2396 lunocnurrus
338 2360 374 2404 IV,
399 2369 416 2396 o.
431 2370 455 2403 e.,
471 2369 487 2396 e.
503 2359 535 2402 15,
549 2359 576 2403 X,
594 2359 624 2394 De
639 2358 765 2404 temporibus
794 2358 964 2405 ordinationum,

35 2412 38 2414 ’
95 2409 963 2465 L1L-AMfflmmwmmdmmwmmebmmqLdiH—HOE-

92 2462 965 2518 rmwfflmmhdfflmmmmmmmmmmfflmffl

91 2530 294 2577 dispensationibus,
315 2531 324 2573 ξ
342 2530 359 2566 1.
377 2549 405 2554 ——
421 2530 544 2572 Dunnurra
562 2530 679 2573 Speculum
695 2530 756 2573 iuris,
773 2529 797 2565 L.
817 2530 833 2572 I,
849 2530 927 2574 partic.
946 2531 964 2574 1,

92 2589 115 2623 ete
126 2587 210 2630 Lepore.
222 2587 290 2622 Rubr.
302 2587 325 2621 de
336 2586 392 2631 disp.
407 2586 416 2629 ξ
428 2586 446 2622 1.
458 2604 485 2609 —
495 2586 563 2630 Saepe
574 2586 641 2621 etiam
651 2586 758 2630 repetitur
769 2586 829 2621 notio
841 2593 867 2620 ex
878 2587 962 2629 etymo·
1010 2582 1012 2585 ’

91 2644 150 2688 logia
164 2644 286 2687 desurnpta.
460 2653 461 2656 ¹

119 2699 150 2745 (3)
166 2699 409 2741 Hosnnnsrssummn,
422 2698 454 2734 tc.
466 2707 486 2731 :o
497 2697 629 2741 dispensatio
640 2698 673 2732 est
681 2698 757 2742 rigoris
766 2698 818 2733 iuris
828 2705 866 2742 per
877 2700 964 2734 eumad

45 2787 47 2789 ,
90 2764 156 2801 quern
165 2756 251 2800 spectat
259 2755 379 2791 misericors
389 2754 491 2789 canonice
500 2754 560 2790 tacta
567 2753 682 2797 relaxatio,
692 2756 714 2789 et
722 2755 815 2790 vocatur
824 2753 903 2790 vulnus
913 2756 964 2799 quia

88 2814 123 2848 ius
140 2812 242 2847 vulnerat
250 2824 264 2848 n,
714 2842 720 2856 ,

116 2868 148 2914 (4)
164 2868 312 2911 Rnxuuunus,
328 2875 345 2904 o.
362 2876 387 2910 c.,
403 2866 426 2903 L.
444 2865 486 2909 Ill,
501 2865 537 2902 tit.
553 2866 585 2901 De
602 2865 669 2911 lapsis
684 2868 703 2901 et
717 2864 920 2911 dispensationibus.
936 2885 963 2892 —

87 2925 230 2961 Ionnunsuu
243 2924 298 2970 Deo,
324 2924 375 2960 Cod.
389 2932 428 2960 ms.
448 2922 576 2967 Bonnensis‚
596 2923 634 2960 tol.
647 2922 689 2966 491,
710 2923 750 2959 col.
764 2923 782 2959 1.
795 2922 961 2968 —Dunaurrs

83 2992 102 3020 o.
116 2992 142 3025 c.,
158 2981 171 3018 l.
185 2990 202 3018 c.
220 2980 229 3024 ἕ
243 2980 262 3018 1.
