2139 3277
362 172 399 234 'Du
419 191 520 222 onrnoro
538 189 753 221 Disrunsnrrcuunr
955 179 983 221 23
1039 224 1042 225 ⁷

102 327 105 329 -
134 297 283 355 dispensasse,
295 308 337 341 nec
346 298 406 340 ullus
416 300 495 340 textus
506 296 584 339 afferri
594 300 672 351 potest
683 296 723 350 qui
732 294 788 349 ipsis
798 294 933 338 huiusmodi
943 309 984 350 po-

133 367 245 408 testatem
254 364 408 408 universatem
418 362 535 405 tribuerit.
547 362 600 406 Non
611 364 689 406 critice
701 363 755 416 agit,
768 363 809 417 qui
819 361 877 406 talia
887 375 901 405 a
911 363 983 416 priori

125 431 245 475 affirmat.
717 457 724 459 -›
765 422 767 424 ’

162 496 184 541 4,
198 498 276 552 Tertia
291 494 377 550 opinio,
388 496 611 548 addispensationes
616 509 634 538 a
643 494 853 539 RRPontiiicibus
863 507 983 539 concessas

132 565 210 618 potius
220 558 334 615 restricta,
346 562 466 604 contendit
475 573 579 616 perraras
588 561 659 615 juisse
669 561 847 615 dispensationes
856 574 896 616 per
905 563 984 616 priore

78 639 81 641 ’
133 630 229 671 saeculo.
243 628 307 671 Haec
320 631 398 671 autem
410 630 446 670 est
457 629 586 670 communis
609 628 715 670 doctrina
730 630 860 677 auctorum,
874 629 932 671 duce
948 642 982 671 DE

132 696 221 736 Manca
232 693 264 748 (1)
280 697 304 736 et
314 693 487 748 quodammodo
499 694 571 736 etiam
582 692 734 736 Thomassino
747 691 787 745 (2).
799 693 984 747 Eorum'praeci-

132 773 208 815 puum
227 763 391 815 argumentum
421 762 456 801 est
472 759 551 813 regula
567 760 614 802 iam
630 761 768 807 memorata,
785 758 837 800 RR.
854 759 982 802 Pontifices

132 840 181 870 esse
198 827 282 880 ligatos
299 825 426 869 canonibus
450 837 576 879 eorumque
587 826 694 867 custodes
705 839 710 866 ε
732 840 742 862 r
751 838 778 868 ea
788 826 850 868 enim
860 828 910 868 erat
921 828 980 870 anti·

133 894 213 947 quitus
220 894 325 935 omnium
336 894 446 936 adversus
458 887 535 935 sacros
547 904 646 935 canones
654 891 792 940 reverentia,
802 894 829 933 ut
837 891 882 944 ipsi
893 891 982 935 Summi

90 1015 91 1018 Ἰ
121 959 268 1008 Pontifices,
285 971 355 1012 penes
373 971 431 1012 quos
448 959 525 1011 potior
542 959 670 1001 auctoritas
686 969 777 1010 semper
793 957 847 1005 fuit,
858 958 919 1001 hanc
936 958 981 1000 sibi

132 1026 260 1069 noluerunt
275 1036 407 1084 concessam
424 1025 494 1067 inisse
511 1027 655 1077 potestatem
672 1027 753 1067 contra
771 1023 870 1066 Patrum
887 1026 981 1068 statuta

113 1098 116 1100 ’
132 1092 263 1145 quidquam
277 1092 353 1133 tacere
363 1107 371 1128 s
382 1089 422 1145 (3).
436 1091 536 1142 Quidam
548 1095 629 1134 tamen
655 1093 682 1133 ut
695 1089 821 1134 Hinschius
834 1094 858 1132 et
876 1089 983 1144 Philipps
1043 1119 1047 1122 -

106 1207 110 1211 q
132 1159 159 1199 de
172 1158 215 1200 hac
228 1170 252 1199 re
264 1160 352 1200 tacent.
475 1155 476 1159 ’

159 1223 282 1265 Bonannn
294 1222 326 1276 (4)
347 1235 400 1265 cum
412 1223 461 1266 aliis
474 1224 598 1277 distinguit
610 1221 727 1275 duplicem
738 1223 868 1279 periodum.
881 1222 925 1265 Per
935 1225 982 1267 tria

130 1290 207 1343 priora
224 1289 317 1333 saecula
333 1287 440 1342 'perrenae
457 1290 558 1332 tuissent
576 1290 769 1343 dispensationes,
787 1292 840 1332 tum
857 1289 887 1330 ob
905 1290 981 1332 zelum

133 1356 314 1398 christianorum
330 1357 432 1408 rigorose
448 1356 525 1409 legum
541 1356 738 1409 praescriptiones
754 1357 911 1409 sequentium,
927 1360 980 1399 tum

131 1421 160 1462 ob
171 1433 273 1474 parvum
282 1432 407 1462 numerum
416 1421 493 1474 legum
503 1420 713 1464 ecclesiasticarum
724 1434 729 1469 ;
738 1421 792 1463 inde
801 1434 856 1463 vero
866 1435 879 1464 a
888 1423 981 1464 saeculo

133 1487 171 1535 IV,
185 1487 357 1539 frequentiores
371 1487 575 1541 evasissenttum
588 1500 618 1529 ex
630 1486 793 1536 irrationabili,
808 1490 835 1529 ut
849 1488 889 1536 ait,
904 1488 981 1542 legum

130 1553 334 1605 multiplicatione,
347 1556 399 1594 tum
412 1566 440 1595 ex
451 1565 542 1596 morum
554 1555 698 1598 relaxatione
711 1554 774 1606 apud
786 1554 933 1597 christianos.

160 1618 208 1661 Nos
217 1631 272 1660 vero
283 1618 383 1661 libenter
394 1619 542 1662 concedimus
552 1632 622 1663 usum
632 1620 834 1673 dispensationum
844 1632 885 1673 per
892 1628 981 1663 'novem

131 1686 209 1739 priora
220 1685 312 1727 saecula
327 1698 374 1728 non
387 1685 458 1727 fuisse
468 1689 519 1728 tam
529 1685 678 1740 frequentem
689 1699 715 1729 ac
725 1687 771 1734 erit
781 1689 871 1739 postea,
882 1690 910 1728 ut
920 1691 981 1740 puta

129 1752 184 1794 inde
194 1766 207 1795 a
216 1752 308 1794 saeculo
318 1750 374 1800 XII,
385 1753 425 1794 sed
434 1754 539 1795 rationes
548 1753 620 1795 huius
629 1753 769 1796 discriminis
779 1753 862 1806 (magis
871 1766 943 1807 quam
953 1754 981 1796 il-

131 1820 165 1862 lae
176 1833 190 1861 a
202 1817 317 1859 Boehrner
333 1817 435 1871 allatae),
450 1819 562 1861 videntur
576 1819 648 1862 inisse
662 1821 714 1872 ipsa
723 1820 788 1863 notio
798 1820 981 1872 dispensationis
1033 1840 1035 1843 ’

130 1897 201 1938 quam
213 1883 328 1927 tenebant
340 1884 432 1938 antiqui
453 1888 477 1926 et
489 1898 559 1928 causa
567 1898 643 1938 quam
655 1887 684 1928 ad
697 1887 746 1928 eius
758 1886 934 1940 legitimitatem
945 1902 980 1930 re-

129 1950 256 2004 quirebant
267 1949 307 2002 (5).
333 1950 406 2002 Obvie
420 1951 482 1993 enim
495 1952 592 1993 rariores
606 1955 674 1995 erant
686 1952 880 2004 dispensationes,
897 1953 938 1995 ubi
953 1956 982 1997 ad

128 2029 207 2060 earum
218 2016 389 2059 concessionem
403 2016 565 2070 requirebatur
576 2018 799 2061 causanecessiratis
813 2019 852 2060 vel
868 2019 980 2064 utilitatis

128 2083 260 2126 communis
280 2082 405 2131 Ecclesiae,
434 2095 509 2137 neque
528 2085 699 2127 admittebatur
719 2097 789 2128 causa
808 2085 864 2128 honi
883 2088 979 2139 priuati.

104 2155 107 2159 '
128 2148 253 2192 Praeterea
265 2148 339 2191 rarior
353 2149 425 2191 etiam
438 2153 490 2193 erat
503 2150 559 2202 legis
572 2152 682 2199 mutatio,
706 2151 835 2204 abrogatio,
851 2154 979 2206 derogatio.

126 2214 197 2257 Porro
215 2215 272 2269 haec
290 2215 375 2263 omnia,
394 2216 522 2258 seeundum
539 2217 660 2260 notionem
677 2220 735 2260 tunc
752 2218 865 2270 temporis
882 2232 980 2272 usurpa-

127 2286 186 2330 tam,
200 2284 268 2324 erant
280 2281 473 2333 dispensationes.
487 2282 576 2325 Tamen
589 2283 659 2325 misso
673 2284 736 2336 quod
749 2285 825 2327 multa
838 2285 980 2330 documenta

82 2344 84 2346 ’
127 2347 223 2391 fuerunt
240 2347 368 2401 deperdita,
386 2360 416 2389 cx
430 2347 537 2391 textibus
554 2352 578 2391 et
593 2350 763 2403 multiplicibus
779 2352 891 2404 exemplis
907 2351 980 2395 histe-

155 2533 185 2578 (1)
201 2533 231 2569 cf.
240 2542 270 2567 DE
281 2533 367 2576 Manes,
379 2533 410 2568 De
420 2533 570 2570 concordantia
578 2534 685 2570 sacerdotii
695 2536 714 2571 et
723 2535 812 2580 imperii,
823 2536 847 2572 L.
858 2535 899 2580 111,
914 2546 931 2574 c.
942 2538 974 2575 13.

156 2589 185 2634 (2)
202 2589 542 2635 61.ο,6.,Ρ.ΙΙ,Ε.11162456.

155 2645 185 2690 (3)
202 2645 231 2682 Cf.
242 2654 272 2679 nu
282 2645 368 2688 binnan,
379 2655 396 2681 o.
407 2656 430 2688 6.,
442 2646 453 2682 l.
464 2656 488 2689 6.,
498 2657 515 2682 c.
526 2646 558 2682 13.

156 2700 185 2746 (4)
202 2701 232 2737 Cf.
241 2701 359 2743 Beneuen,
371 2700 408 2735 Ius
419 2702 577 2738 ecclesiasticum
587 2703 750 2747 protestantium,
765 2703 888 2739 Dissertatio
899 2706 975 2749 praeii-

129 2757 230 2792 minnris:
243 2757 273 2791 De
288 2757 380 2791 Romanu
393 2757 491 2801 Ecclesia,
502 2759 524 2793 L.
538 2758 573 2795 IV.
585 2769 605 2803 p.
618 2759 643 2794 52
655 2769 684 2803 sq.
705 2779 733 2785 —-
752 2759 782 2796 cf.
794 2760 860 2795 etiam
870 2770 874 2795 :
886 2761 990 2804 86166166μ

128 2812 274 2847 obseruationes
284 2812 343 2848 libros
351 2813 373 2847 de
381 2813 486 2849 eoncordia
494 2814 629 2858 illustrantes,
638 2816 665 2850 ad
673 2815 695 2851 L.
706 2815 745 2858 111,
754 2816 806 2864 c.13‚
814 2815 924 2854 obseruatio
933 2817 973 2860 IX,

156 2868 186 2915 (5)
202 2869 234 2915 01,Χ
246 2877 316 2913 supra,
328 2879 349 2916 p.
360 2869 394 2916 16,
825 2877 826 2880 ’
