2139 3277
333 233 573 264 DEDISPENSAT10NE
588 235 614 264 ru
627 234 691 264 voro
788 256 790 258 .
889 220 947 269 ,215

86 349 192 391 «papam
209 351 256 386 non
273 353 342 394 posse
358 344 494 396 dispensare
521 356 574 387 cum
600 343 724 392 monacho.
742 345 769 385 ut
786 341 876 386 haheat
892 355 951 384 uxo-

62 429 63 432 =
85 414 134 446 rem
144 421 152 443 a
164 403 205 460 (i),
215 409 267 449 tum
275 423 283 445 r
295 420 363 452 omne
371 412 456 451 votum
465 402 626 454 continentiae
636 426 645 449 i>
654 424 702 453 esse
709 408 895 463 indispensabile
907 407 949 461 (2).

85 469 178 514 Alludit
192 476 274 517 tamen
290 475 366 517 adhuc
382 476 412 517 ad
428 476 570 518 decretalem
585 477 715 519 Alexandri
731 476 776 525 Hi,
793 477 880 517 docens
895 487 949 518 cum

85 536 229 588 subdiacono
240 553 308 593 posse
318 541 371 582 iieri
383 541 604 592 dissimulationem,
616 555 657 584 seu
668 546 694 584 ut
704 546 776 585 vocat
786 558 794 580 r
806 541 950 595 comparati-

84 615 140 646 vam
155 607 357 658 permissionem..
374 607 392 648 si
408 606 518 650 credatur
530 608 681 653 incontinens
695 609 799 657 iuturus,
815 620 844 650 ne
858 608 950 650 ineidat

84 669 109 710 in
120 673 197 713 maius
208 673 298 715 malum
308 688 317 710 ii
328 670 370 725 (3).
400 673 521 716 Immerito
534 677 617 717 tamen
628 674 683 715 inde
695 675 876 716 concluderetur
887 674 949 717 Tan-

63 742 73 745 *
85 736 180 780 cresium
198 738 393 790 dispensationem
411 740 537 782 admittere
554 741 578 781 in
595 740 765 792 impedimento
784 740 872 781 ordinis
889 740 949 782 sacri

84 803 123 843 vei
132 804 184 844 uoti
194 804 271 859 ordini
281 805 369 848 adnexi
380 802 422 858 (4),
434 805 551 859 siquidem
561 806 620 848 liaeo
631 806 788 849 dissimulatio
800 806 824 849 in
835 806 884 847 eius
896 807 950 847 doc-

84 868 147 912 trina
164 871 228 913 nullo
245 873 316 913 modo
335 872 441 915 continet
460 873 661 925 dispensationem
673 869 714 926 (5).
734 872 809 914 Simul
826 872 951 914 contendit

84 932 219 979 Tancredus
232 940 316 980 uotum
330 938 490 981 continentiae
504 951 551 981 non
564 951 633 992 posse
647 939 788 981 commutari
802 954 810 975 r
821 938 878 992 quia
891 938 950 980 nihil

84 1001 166 1054 melius
179 1002 280 1045 inveniri
294 1007 374 1057 potest
383 1020 391 1042 a
403 1001 445 1058 (o).
458 1004 495 1046 Ad
507 1005 632 1059 theologos
645 1005 725 1057 potius
736 1006 828 1049 accedit
838 1004 872 1046 lo.
886 1004 950 1045 Teu*

112 1208 142 1252 (1)
159 1210 190 1245 Gl.
199 1211 255 1247 adv.
263 1211 525 1254 propicrdiuiurniiuteni,
535 1222 552 1248 c.
562 1213 580 1254 1,
591 1213 664 1255 Cornp.
675 1211 715 1253 ΙΙΙ,
726 1211 762 1253 IV,
771 1211 796 1245 13
808 1221 827 1245 :u
837 1209 950 1253 Numquid

83 1264 123 1298 hec
136 1267 233 1310 exceptio
247 1268 351 1312 temporis
363 1269 431 1303 habet
443 1269 514 1303 locum
526 1269 549 1303 in
562 1268 662 1313 qnalibet
674 1277 738 1303 causa
752 1265 914 1308 matrimoniali,
927 1266 950 1299 et

83 1329 147 1365 super
160 1323 257 1367 quolibet
269 1324 432 1369 impedimento.
455 1326 488 1360 R:
503 1326 540 1360 ulii
553 1325 625 1359 locum
638 1324 716 1359 habere
729 1324 803 1368 potest
817 1323 949 1368 dispensatio

83 1377 154 1412 locum
164 1380 231 1414 hahet
241 1380 364 1416 huiusmodi
375 1383 478 1425 temporis
489 1382 595 1424 exceptio.
607 1381 649 1415 Sed
660 1381 676 1415 si
686 1383 812 1425 opponatur
823 1378 949 1423 consangui-

83 1434 170 1484 nitasin
181 1436 255 1472 (licina
262 1436 308 1480 lege
317 1438 435 1481 prohibita.
450 1448 493 1473 non
506 1438 574 1473 habet
583 1438 681 1480 exceptio
691 1438 769 1478 iocum,
780 1437 832 1482 quia
840 1437 887 1470 iura
897 1435 948 1469 civi-

81 1490 111 1524 lia
117 1491 227 1527 naturalia
234 1502 276 1527 non
284 1495 448 1537 corrumpunt...
458 1493 517 1529 Ideni
525 1496 557 1528 est
565 1495 581 1528 si
588 1494 712 1539 opponatur
719 1494 778 1528 aliud
785 1492 949 1528 matrimonium

82 1549 215 1590 precessisse,
228 1540 281 1593 quia
289 1551 311 1585 in
323 1551 363 1585 hoe
375 1551 425 1585 casu
437 1558 475 1584 nec
487 1550 628 1596 dispensatio,
640 1558 678 1584 nec
688 1550 816 1595 prescriptio
828 1549 900 1583 locum
911 1548 949 1582 ha-

82 1603 131 1636 here
146 1605 242 1648 potest...
261 1604 320 1640 idem
336 1608 353 1641 si
368 1607 476 1641 obiciatur
491 1608 568 1642 votum
584 1606 708 1649 sollempne,
725 1607 776 1651 quia
792 1614 831 1640 nec
847 1606 947 1639 dominus

62 1656 64 1660 ’
81 1668 139 1703 papa
147 1670 195 1695 cum
202 1661 242 1696 tali
249 1663 343 1697 vovente
351 1664 475 1707 dispensare
481 1664 562 1708 potest,
575 1664 679 1706 utsupra,
694 1663 716 1697 de
729 1663 783 1696 siaiu
796 1659 949 1702 monachorum,

84 1714 136 1750 Cum
148 1716 173 1751 ed
185 1717 212 1761 (c.
225 1718 243 1758 o,
256 1717 283 1754 X.
298 1718 337 1763 III,
350 1719 392 1763 35),
406 1718 465 1753 idern
476 1720 570 1763 intelligo
583 1720 605 1754 in
617 1719 690 1753 ordine
701 1727 759 1753 sacro
770 1732 783 1754 s.
797 1718 836 1753 uis.
850 1718 884 1752 cit.
897 1716 947 1751 Vat.

81 1771 119 1808 iat.
132 1783 152 1809 n.
164 1773 225 1815 1377,
236 1773 272 1810 iol.
285 1774 330 1811 220.
342 1795 369 1799 —-
380 1775 410 1811 Ct.
423 1773 490 1811 etiarn
500 1777 618 1822 Tartenum
629 1775 716 1810 Summe
726 1775 750 1808 de
760 1774 903 1816 matrimonio,
914 1773 947 1808 ed.

81 1828 244 1871 Wunnnnurcm
253 1841 274 1875 p.
285 1832 318 1868 18,
328 1850 355 1855 —
364 1831 396 1868 Gi.
406 1833 434 1867 ad
443 1842 463 1867 v.
474 1831 585 1874 abdicatio,
597 1841 613 1867 c.
624 1830 644 1873 2,
655 1831 727 1876 Comp.
739 1830 780 1873 ΙΙΙ,
793 1830 833 1871 ΙΙΙ,
844 1830 876 1866 27.
896 1843 903 1862 n
912 1829 949 1863 Vi-

83 1884 146 1919 detur
155 1894 204 1931 ergo
214 1889 273 1931 quod
282 1887 353 1931 preter
362 1888 465 1922 articulos
474 1889 526 1923 fidet
535 1889 606 1923 multa
616 1887 696 1923 suntin
706 1888 784 1931 quihus
794 1895 852 1932 papa
863 1888 949 1930 dispen-

81 1950 128 1975 sare
138 1952 180 1978 non
190 1944 271 1986 potest,
282 1946 307 1979 ut
316 1944 338 1979 in
348 1945 441 1979 secundo
453 1946 520 1988 gradu
531 1944 749 1987 consanguinitatis..
760 1944 813 1978 item
824 1951 863 1977 nec
873 1942 949 1976 contra

80 1999 227 2040 apostolum...
242 2001 295 2035 item
310 2008 349 2035 nec
364 2000 440 2036 contra
461 1997 555 2045 quatuor
570 2000 667 2041 concilia.
692 2000 750 2044 quod
765 2009 809 2034 non
824 1998 856 2032 est
870 2005 949 2042 usque-

81 2063 167 2098 quaque
174 2064 250 2091 verum
258 2048 426 2101 quoniampapa
435 2057 546 2103 dispensat
553 2058 629 2092 contra
637 2055 783 2100 apostolum...
793 2055 814 2089 et
823 2055 888 2090 etiam
898 2064 947 2089 con-

81 2111 116 2145 tra
127 2113 196 2148 multa
208 2110 293 2149 statuta
302 2111 399 2157 quatuor
412 2114 550 2149 conciliorum
563 2114 686 2158 dispensare
697 2105 778 2156 potest,
791 2112 890 2155 quamuis
903 2112 950 2154 ipsa

83 2166 130 2202 iiii
141 2169 231 2205 concilia
242 2180 285 2205 non
296 2171 377 2206 audeat
388 2171 509 2215 reprobare.
523 2171 585 2213 Quod
596 2170 671 2204 auteur
682 2169 759 2204 dicunt
769 2169 805 2204 hic
814 2177 896 2213 papam
908 2168 950 2201 dis-
999 2208 1001 2212 .

80 2232 170 2268 pensare
182 2235 226 2261 non
235 2234 298 2270 posse
309 2228 368 2271 quod
378 2227 497 2262 monachus
508 2227 590 2263 habeat
600 2226 719 2271 proprium,
742 2226 767 2259 de
788 2223 853 2268 plano
875 2232 949 2258 eonce-

81 2281 115 2323 do,
129 2283 232 2325 quoniam
244 2283 354 2320 abdicatio
368 2285 505 2328 propriorum
518 2283 551 2318 est
565 2284 591 2317 de
604 2282 729 2320 substantia
741 2282 892 2316 monachatus.
908 2281 924 2314 T
934 2293 948 2315 s.

70 2337 119 2382 MS.
128 2337 280 2381 creventii..
289 2349 309 2376 n.
319 2339 425 2382 ratuni.
435 2339 480 2376 191.
490 2359 517 2365 —-
524 2339 557 2376 Gl.
565 2340 594 2374 ad
602 2349 623 2375 v.
632 2347 673 2372 non
680 2339 756 2383 potest,
765 2347 783 2374 c.
792 2337 812 2379 3,
821 2338 894 2382 Comp.
906 2335 949 2378 Hi,

82 2392 110 2433 II,
121 2393 139 2430 6.
150 2407 157 2426 r
167 2395 273 2430 Dominus
281 2405 339 2441 papa
348 2396 423 2441 potest
432 2397 557 2442 dispensare
565 2396 589 2430 in
597 2395 698 2430 omnibus
708 2402 750 2438 que
759 2390 802 2429 non
812 2394 863 2428 sunt
872 2393 949 2427 eontra

78 2450 182 2486 articulos
191 2451 251 2494 fidei,
261 2452 295 2487 vei
304 2454 425 2496 generalem
435 2452 518 2490 statum
528 2453 648 2495 ecclesie...
659 2459 696 2486 nec
705 2452 727 2486 in
736 2451 777 2485 hiis
788 2458 830 2493 quc
839 2451 890 2484 sunt
900 2459 949 2483 con-

78 2506 113 2541 tra
126 2508 275 2552 substantiam
288 2509 452 2551 monachorum,
466 2509 491 2544 ut
503 2508 623 2547 monachus
637 2507 728 2543 haberet
740 2514 831 2541 uxorem
844 2505 879 2540 uei
900 2514 949 2550 pro-

77 2563 172 2606 prium...
184 2564 255 2599 necin
267 2564 307 2601 hiis
319 2574 360 2609 que
371 2574 410 2602 sua
421 2566 499 2603 natura
510 2567 562 2600 sunt
572 2564 638 2605 mala,
649 2565 693 2601 scil.
706 2564 731 2598 ut
742 2563 790 2607 quis
802 2558 847 2597 sinc
857 2562 948 2606 peccato

77 2621 152 2662 posset
162 2620 288 2657 adulterari.
301 2622 318 2656 T
326 2634 340 2658 s,
353 2622 392 2659 Ms.
405 2622 442 2658 cit.
454 2621 490 2658 iol.
504 2622 536 2658 oi.

106 2674 137 2720 (2)
153 2676 184 2713 Gi.
195 2684 268 2721 supra,
278 2684 298 2720 p.
310 2676 364 2715 2141.

106 2730 137 2776 (3)
153 2733 247 2775 Summo,
257 2733 289 2769 ed.
300 2731 464 2775 Wunnnnmcrr,
473 2742 494 2777 p.
505 2733 538 2769 48.

105 2786 136 2832 (4)
153 2788 188 2827 Ita
196 2789 338 2833 Scaienum,
347 2799 365 2826 o.
375 2800 400 2833 c..
409 2798 430 2833 p.
440 2788 486 2826 169.

106 2841 136 2887 (5)
151 2844 185 2891 ct.
200 2855 273 2891 supra,
285 2856 306 2891 p.
322 2844 368 2882 176.

106 2896 136 2941 (6)
152 2901 185 2938 oi.
196 2902 226 2938 aa
235 2911 256 2938 v.
268 2902 349 2945 minor.
361 2910 379 2938 c.
392 2901 411 2942 1.
423 2901 497 2945 comp.
511 2899 552 2941 111,
566 2899 608 2941 111,
620 2899 645 2934 aa
656 2908 660 2933 :
671 2912 678 2931 «
689 2898 718 2934 nt
729 2898 770 2934 nisi
781 2896 811 2933 sn
822 2896 898 2932 metior
908 2905 952 2931 non

79 2953 111 2986 est
128 2957 288 2996 admittenda...
307 2967 374 3003 qnare
391 2957 414 2992 in
431 2958 482 2992 uoto
502 2955 636 2993 continentie
654 2948 695 2992 non
714 2954 841 2995 admittitur
859 2961 953 2988 commu-

80 3008 146 3048 tatio.
156 3012 173 3048 T
182 3027 197 3051 ».
206 3015 247 3051 Ms.
255 3014 291 3052 cit.
301 3013 398 3054 Vatlat.
407 3022 427 3052 n.
436 3012 497 3058 1377,
504 3013 542 3050 iol.
551 3012 598 3050 189.

311 3180 335 3195 f
