2182 3277
94 174 157 222 ,224
188 171 193 175 ”
266 179 818 225 nuuispunsnrroiuuirsniuunscnr'rnirsrn's
853 227 855 230 ,

111 294 149 337 1113
166 295 301 343 Romanum
319 300 521 353 dispensationem
538 302 647 349 admittit
670 302 743 345 etiam
760 302 792 343 ut
802 300 912 354 bigamus
927 311 981 354 pro-

112 368 239 407 moveatur
252 367 281 408 ad
295 378 373 408 sacros
386 366 486 417 ordines,
501 368 558 422 quia
570 368 636 422 Papa
648 381 696 411 non
710 368 855 421 astringitur.
863 367 980 409 constitu-

110 429 171 471 tioni
180 431 218 472 vel
227 431 322 485 regulae
332 433 484 485 apostolicae,
494 449 502 471 e
512 432 567 477 ‘cum
577 445 624 477 non
633 435 723 478 habeat
743 434 869 487 imperium
892 422 935 486 par
955 433 980 476 in

111 509 193 550 parem
203 513 212 536 n
224 497 266 551 (1)
447 506 449 509 ’
578 492 580 494 ¹
595 535 596 538 ,

141 563 163 605 5.
181 564 311 606 Ducanrrs
322 565 400 618 prima
410 566 470 616 vice,
483 566 545 608 lorte
556 567 604 609 iam
617 568 659 609 suh
671 567 767 610 influxu
785 566 807 608 S.
820 565 932 615 Thomae,
945 578 980 607 re-

110 630 191 683 gulam
202 631 315 684 proponit
325 644 394 685 posse
405 633 537 686 dispensari
547 634 572 678 111
584 634 647 677 omni
656 633 841 687 irregularitate,
853 635 907 675 tum
916 632 941 674 111
953 645 981 674 ea

111 710 178 751 quae¹
190 710 220 739 ex
234 711 254 739 ci
296 698 341 748 ine,
359 702 413 742 tum
429 699 454 743 in
472 714 499 743 ea
516 713 577 755 quae
594 713 623 741 ex
640 700 736 742 deiectu
753 698 887 754 proveniat,
915 698 980 752 quia,

111 767 139 805 ut
153 764 195 812 ait,
210 765 287 808 omnis
299 765 462 818 irregularitas
476 769 512 809 est
526 767 554 808 de
566 767 617 808 iure
630 767 734 820 positivo
749 765 926 812 ecclesiastico;
941 776 982 806 an-

40 863 43 868 .
112 843 167 884 ceps
180 834 262 874 tamen
277 831 355 874 adhuc
368 832 458 881 haeret,
474 834 553 887 quoad
566 834 755 886 irregularitates
770 845 830 886 quae
843 831 982 873 innituntur

109 897 155 938 iuri
174 898 303 954 apostolico
316 897 358 951 (2).
373 897 407 939 Ic.
417 898 539 939 Annaeus
550 899 735 941 controversiam
753 898 849 940 dirimit.
868 897 981 950 Sequitur

111 951 271 1013 Hostiensem,
281 966 306 1005 at
313 964 384 1006 simul
392 976 421 1005 ex
428 963 449 1006 S.
459 965 550 1008 Thoma
562 963 595 1018 (3)
604 965 672 1007 addit
683 978 704 1006 z«
715 964 773 1007 haec
781 964 859 1017 opinio
868 962 980 1004 Hostien-

90 1074 92 1076 ,
110 1030 141 1072 313
156 1028 336 1078 fortificaretur,
353 1030 372 1071 si
388 1030 505 1075 diceretur
520 1032 585 1085 quod
596 1031 761 1085 irregularitas
775 1042 822 1073 non
837 1032 873 1072 est
888 1040 982 1072 annexa

109 1096 229 1149 bigamiae
240 1097 268 1138 de
277 1097 328 1137 iure
337 1097 449 1147 naturali,
462 1099 502 1139 sed
513 1097 588 1140 solnm
598 1098 703 1150 positivo
716 1110 721 1138 t
732 1096 789 1151 quia
799 1097 863 1150 quod
873 1107 921 1139 non
931 1108 980 1137 esse

109 1162 235 1215 bigamum
250 1173 297 1207 nou
312 1163 343 1204 sit
359 1163 387 1204 de
402 1164 506 1208 essentia
520 1164 617 1213 ordinis,
632 1166 708 1217 patet,
724 1164 782 1217 quia
794 1174 878 1206 verum
892 1162 996 1216 recipit

111 1229 227 1278 ordinem,
245 1229 309 1283 quod
323 1241 371 1272 non
387 1233 447 1271 33331
462 1231 481 1272 31
495 1231 520 1272 id
535 1232 597 1272 esset
612 1231 639 1272 de
652 1231 729 1284 ipsius
744 1230 866 1272 essentia»
879 1227 920 1282 (4).

141 1295 203 1348 Ergo
216 1296 253 1337 ius
264 1295 431 1348 Apostolicum
444 1297 472 1338 de
485 1308 531 1350 quo
545 1306 586 1349 per
598 1297 719 1339 saeculum
732 1295 896 1339 controversia
908 1294 981 1336 exsti-

109 1365 184 1412 terat,
196 1376 210 1405 a
221 1366 330 1416 tempore
344 1361 378 1403 Io.
392 1361 500 1406 Andreae
513 1363 564 1406 sine
577 1363 625 1405 ulla
636 1362 799 1405 haesitatione
812 1363 861 1404 iam
874 1372 922 1404 non
935 1360 978 1403 ha-

108 1429 180 1471 betur
197 1431 225 1471 ut
241 1430 278 1472 ius
295 1429 412 1472 naturale.

444 1558 455 1609 ἕ
466 1556 486 1599 7.
498 1579 529 1586 —
542 1555 664 1597 Conclusio

137 1675 175 1718 Ad
187 1676 285 1719 modum
297 1674 454 1719 conclusionis
465 1675 598 1719 indicemus
610 1672 755 1728 quibusnam
767 1672 856 1726 regulis
868 1671 980 1715 Decreta-

107 1744 177 1786 listae
190 1744 253 1795 leges
267 1740 437 1794 dispensabiles
452 1741 671 1785 determinaveriut.
687 1732 784 1793 Duplici
797 1740 867 1781 modo
882 1752 922 1781 eas
936 1739 980 1780 cir-

108 1809 279 1858 cumscribunt,
290 1807 393 1861 positive
402 1817 487 1865 nempe
497 1810 522 1849 et
531 1807 648 1859 negative.
955 1800 957 1802 ’

139 1877 158 1918 1.
174 1874 294 1917 Positiuc:
310 1874 448 1927 Dispensari
462 1875 544 1927 potest
567 1873 591 1914 in
616 1872 678 1913 omui
694 1871 739 1925 leqe
752 1871 854 1924 positiva
867 1871 978 1913 humanu.

108 1943 167 1984 Post
180 1943 275 1995 longam
289 1940 477 1984 controversiam
490 1939 608 1981 statuitur
621 1938 650 1981 ab
664 1938 788 1981 Hostiensi
804 1937 861 1990 lepos
873 1936 980 1990 discipli-

110 2007 179 2050 uures
198 2008 303 2062 priorum
338 2005 488 2047 conciliorum
506 2006 719 2055 oecumenicorum,
747 2007 771 2046 et
788 2018 801 2046 a
820 2004 853 2046 lo.
871 2002 981 2047 Andreae

107 2076 222 2117 staturum
232 2072 336 2128 generale
346 2071 464 2114 Ecclesiae
475 2073 552 2115 adius
563 2072 695 2125 positivum
706 2071 834 2125 pertinere,
846 2073 870 2112 et
880 2070 979 2123 proinde

108 2155 158 2185 esse
175 2140 340 2195 dispensabile.

137 2209 159 2251 2.
177 2207 202 2249 N
203 2207 289 2260 epatius
299 2206 472 2248 determinatur
482 2207 590 2258 potestas
600 2204 762 2257 dispensandi,
774 2203 902 2247 indicando
913 2201 979 2255 prin-

135 2394 166 2439 (i)
183 2393 214 2430 Gi
225 2393 271 2429 ord.
282 2391 311 2427 ad
320 2399 341 2426 v.
352 2388 431 2430 contra,
441 2397 459 2426 c.
470 2387 489 2431 2,
500 2385 528 2423 X.
540 2386 571 2442 Dc
581 2383 676 2429 biremis,
689 2385 705 2428 I,
715 2386 748 2423 21.

135 2451 166 2496 (2)
182 2451 307 2490 Duninns,
317 2456 335 2482 o.
345 2455 370 2488 c„
382 2445 395 2481 l.
405 2454 429 2487 c.,
442 2444 451 2487 g
461 2445 480 2480 4.
490 2457 497 2477 1
509 2444 534 2479 In
543 2443 741 2487 irregularitatihus
751 2441 850 2477 omnibus
860 2441 979 2485 dispensari

106 2508 189 2554 potest,
203 2507 255 2551 quia
267 2499 415 2547 irregularitas
428 2501 475 2547 ipsa
488 2501 511 2534 et
523 2507 594 2544 poena
607 2500 651 2534 eius
666 2500 691 2534 de
704 2499 750 2533 iure
763 2498 857 2542 positivo
872 2497 906 2531 est
915 2510 929 2534 1,
943 2497 980 2532 Al-

106 2565 165 2600 ludit
175 2565 250 2598 tamen
261 2561 333 2600 adhuc
345 2559 374 2596 ad
386 2558 507 2595 doctrinam
519 2556 647 2592 severiorem
660 2564 709 2591 curn
718 2555 793 2592 statim
803 2555 875 2589 dicat:
887 2554 979 2590 1131111311

108 2622 185 2657 contra
196 2620 229 2654 331
240 2618 298 2663 quod
307 2615 455 2659 irregularitas
465 2614 494 2649 311Ι
505 2614 531 2648 de
541 2613 587 2647 iure
598 2612 670 2648 divino
683 2623 700 2648 1,
1029 2662 1031 2664 v

136 2677 170 2722 (3)·
183 2675 367 2720 Supplcnrentum,
378 2681 398 2715 q.
408 2670 441 2712 66,
451 2680 470 2707 a.
480 2670 499 2706 4,
509 2683 517 2702 1
528 2669 657 2713 Respondeo
668 2668 791 2719 dicendum,
801 2666 861 2710 quod
870 2666 978 2709 bigamiae

109 2744 152 2769 non
162 2734 196 2767 331
205 2730 310 2768 adiuncta
319 2727 466 2772 irregularitas
477 2727 502 2761 de
512 2726 558 2760 inre
568 2723 669 2771 naturali,
681 2724 718 2758 sed
729 2724 754 2758 de
764 2723 809 2757 iure
818 2721 914 2766 positivo
924 2730 930 2763 ;
940 2729 980 2757 nec

108 2792 188 2826 iterum
196 2790 230 2823 est
237 2789 263 2823 de
270 2784 422 2822 essentialibus
429 2783 517 2825 ordinis,
526 2781 585 2826 quod
591 2781 669 2825 aliquis
677 2790 721 2816 non
728 2779 757 2814 sit
763 2779 869 2822 bigamus,
877 2777 936 2821 quod
941 2787 980 2822 pa-

108 2849 142 2882 tet
154 2854 181 2880 ex
192 2846 240 2888 hoc,
253 2844 312 2889 quod
324 2844 341 2877 si
353 2840 432 2884 aliquis
443 2840 472 2874 ad
483 2838 569 2874 ordines
581 2838 678 2879 accedat,
691 2834 840 2872 characterem
851 2833 945 2878 accipit:
958 2834 981 2869 31
1032 2878 1034 2882 1

108 2905 156 2940 ideo
168 2910 226 2947 papa
237 2900 311 2945 potest
321 2899 343 2934 in
354 2896 394 2934 tali
404 2894 564 2940 irregularitate
576 2894 700 2939 dispensare
709 2889 850 2928 totaliter...»

81 2950 85 2956 '
135 2958 167 3006 (4)
182 2956 272 2995 novena
280 2953 502 2996 commensuranda.
510 2949 567 2994 2,)1.
576 2949 710 2994 cerreamrs,
719 2946 777 2990 1,21.
