2139 3277
177 178 302 210 noconius
311 170 517 210 nuonam'sranun
527 180 560 209 nn
570 177 680 209 nortona
690 164 896 206 nisenusarronrs
929 161 972 207 105

120 285 174 336 inde
186 280 331 331 intercedere
345 287 414 330 dehet
428 286 580 355 dispensatio,
595 301 635 330 seu
649 283 757 330 ablatio
751 281 931 339 irregularitatis
944 296 974 326 ex

108 353 208 400 delicto
229 353 399 410 provenientis

149 414 170 463 4
187 422 277 463 Sonus
295 422 458 463 Cononrnnsrs
472 419 584 475 denique,
604 420 723 464 doctrinae
742 424 811 464 antea
830 433 843 461 a
860 416 969 472 theologo

122 487 221 540 Hugone
235 502 248 530 a
262 489 285 533 S,
298 486 394 529 Victore
407 486 540 541 propositae
552 486 674 530 inhaerens
686 486 726 540 (l),
741 487 861 530 notionem
881 484 976 541 dispen-

122 551 220 595 sationis
227 552 326 595 ulterius
335 552 459 607 distinguit
473 567 486 595 a
501 553 622 594 tolerantia
630 554 649 593 11
658 565 670 593 a
681 552 817 594 licentiaseu
826 551 972 594 concessione.

122 617 224 668 Etenim,
237 631 290 662 cum
302 618 347 661 alio
360 618 527 662 commentario
539 611 643 662 eiusdem
654 618 701 660 iere
711 619 824 673 temporis
835 618 874 660 cui
884 617 969 659 titulus

121 685 265 728 Rnaronrcn
281 686 472 729 Ecornsrasricn
484 685 517 739 (2)
543 686 652 729 Summae
668 684 800 728 Coloniensi
814 684 883 727 valde
898 683 973 732 alfini,

121 751 305 809 permissionem,
321 763 392 807 quam
406 752 506 807 opponit
519 756 643 808 praecepto
659 756 682 794 et
695 751 856 805 prohibitioni,
871 750 976 793 subdivi-

122 818 157 861 dit
166 818 191 862 in
201 822 248 862 tres
260 818 350 873 species
361 833 365 860 :
377 818 557 868 concessionem,
569 818 721 862 tolerantiam
732 822 755 860 et
767 817 974 873 dispensationem.

122 885 242 928 Concessio
259 902 267 924 1
278 889 314 928 est
329 884 447 929 licitorum
462 885 592 940 permissio,
618 897 697 929 eorum
714 884 803 927 scilicet
818 884 867 927 sine
884 883 972 938 quibus

122 952 183 996 salus
195 965 242 995 esse
253 956 340 1006 potest,
353 956 376 994 et
386 965 433 996 non
443 951 572 1007 impeditur
583 946 625 1007 per
636 966 662 995 ea
672 968 681 990 1
692 951 732 1006 (3).
755 950 889 1012 Tolerantia
900 954 935 992 est
947 952 975 993 de

122 1019 191 1067 lnalo,
206 1021 229 1060 et
242 1019 320 1062 locum
333 1019 406 1060 habet
418 1019 456 1061 vel
467 1036 475 1057 a
486 1031 539 1062 cum
551 1018 630 1062 minus
642 1019 757 1061 toleratur
777 1023 805 1060 ut
817 1014 893 1061 maius
905 1017 974 1061 tolla-

122 1089 167 1133 tur,
185 1084 253 1128 utin
270 1085 331 1138 Lege
349 1084 426 1126 Veteri
443 1089 539 1139 propter
555 1085 668 1127 duriciam
685 1085 766 1138 populi
784 1084 923 1139 permissum
940 1088 978 1133 est,

66 1155 68 1158 ’
122 1152 178 1194 dato
197 1150 275 1193 libello
295 1150 425 1200 discidium,
445 1165 473 1194 ne
492 1151 560 1193 fieret
578 1151 731 1195 homicidium
741 1167 749 1189 1
761 1151 794 1205 (4)
804 1166 809 1200 ;
835 1151 874 1192 vel
891 1163 944 1193 cum
963 1165 976 1194 a

124 1216 207 1260 maiori
217 1218 278 1260 malo
289 1216 419 1261 declinatur
427 1221 455 1259 ut
463 1217 541 1261 minus
551 1216 657 1272 eligatur,
668 1230 722 1259 casn
742 1229 788 1271 quo
797 1209 851 1271 ¹quis
859 1216 920 1259 inter
929 1218 975 1260 duo

128 1283 189 1327 mala
206 1283 335 1327 necessario
354 1283 459 1337 eligenda
476 1284 601 1337 perplexus
618 1283 700 1326 existit
711 1283 751 1337 (5).
770 1282 919 1338 Dispensatio
937 1297 978 1326 au-

123 1353 172 1394 tem
182 1366 191 1388 1
201 1353 239 1392 est
249 1349 356 1393 canonici
364 1349 446 1403 rigoris
455 1349 568 1392 relaxatio
580 1351 609 1394 ab
626 1349 651 1392 eo
662 1350 728 1392 cuius
736 1349 834 1393 interest
843 1363 884 1404 pro
893 1349 977 1393 idonea

124 1429 195 1459 causa
204 1432 213 1454 1
224 1416 257 1471 (6)
270 1416 309 1458 vel
321 1413 440 1459 «alicuius
454 1416 576 1471 praecepti
590 1420 632 1459 aut
645 1416 811 1471 prohibitionis
824 1416 919 1461 maioris
932 1417 979 1458 uti-

123 1482 199 1525 litatis
210 1482 302 1526 ratione
314 1482 379 1525 iacta
391 1482 565 1526 commutatio»
577 1483 616 1537 (7).

111 1603 113 1606 ι
154 1549 191 1591 Ex
206 1549 293 1603 quibus
308 1548 462 1590 concludimus
485 1549 606 1593 notionem
621 1549 802 1604 dispensationis
824 1564 837 1593 a
861 1549 983 1592 Decretis.

130 1615 161 1657 tis
173 1615 220 1658 iam
233 1628 282 1658 esse
294 1614 375 1657 stricte
387 1614 526 1664 stabilitam,
539 1618 563 1657 et
575 1629 588 1659 a
600 1615 706 1672 pluribus
718 1616 854 1660 notionibus
866 1617 978 1660 connexis

125 1680 217 1737 optime
234 1680 381 1741 distinctam.
786 1676 789 1677 ⁷

125 1877 299 1922 quantacumque
306 1877 334 1911 sit
341 1877 438 1912 contritio
451 1877 518 1912 cordis
527 1887 569 1912 non
580 1878 661 1913 suflicit
671 1879 698 1915 ad
707 1878 825 1915 tollendam
835 1888 920 1914 ornnem
929 1889 979 1923 poe-

126 1942 176 1969 nam
184 1933 332 1980 temporalem,
341 1933 390 1967 licet
399 1930 494 1968 'sufficiat
502 1934 656 1972 adtollendam
664 1936 776 1972 aeternam
786 1949 800 1970 1.

152 1988 183 2032 (1)
199 1988 230 2022 De
244 1989 342 2023 doctrina
355 1989 451 2032 Hugonis
464 1999 477 2023 a
491 1989 510 2024 S.
524 1990 610 2024 Victore
624 1998 709 2034 agemus
723 1991 745 2025 in
758 1992 889 2035 Appendiee,
903 1992 940 2026 uhi
955 1993 980 2027 de

125 2044 221 2079 doctrina
228 2044 377 2088 theologorum
384 2045 439 2080 circa
448 2046 635 2090 dispensationem.

151 2100 227 2146 (2111.
243 2101 283 2136 Die
300 2101 407 2136 Rhetorica
423 2102 576 2144 Ecclesiastico,
591 2104 683 2141 auctoris
697 2104 780 2139 incerti.
800 2104 932 2147 Quellenzur
943 2106 979 2141 Ge-

124 2157 211 2193 31111111
218 2158 252 2192 des
264 2157 516 2193 Rdmiseh-Kanonischen
523 2160 628 2194 Prosenses
636 2160 663 2195 im
673 2160 805 2196 Mittelalter.
819 2162 850 2196 ed.
858 2162 881 2196 L.
890 2161 973 2197 suann-

126 2223 198 2256 11111111,
205 2214 221 2249 t.
230 2215 248 2249 1.
258 2215 280 2249 F.
288 2224 318 2250 iv.
333 2213 459 2257 Innshriich,
468 2214 527 2250 teos.

152 2270 182 2314 (3)
198 2269 228 2307 Cf.
244 2270 353 2305 Rhetorica
366 2270 520 2314 Ecclesiastico,
532 2280 553 2315 p.
566 2272 599 2308 20.

162 2325 471 2370 4)crcoa.1nscn.f.0132.

161 2382 221 2427 5)OE
223 2383 348 2418 Rhetorica
358 2383 479 2418 Ecclesiast'
464 2386 511 2425 tica,
519 2393 539 2427 p.
549 2384 582 2419 20

161 2438 290 2483 1111101
302 2447 340 2475 ms,
353 2440 387 2475 cit
401 2440 413 2475 4
424 2450 439 2475 c.

151 2326 166 2370 l

152 2382 159 2426 (

152 2439 159 2482 (

153 2495 174 2541 (7
201 2495 231 2531 Ci
243 2495 353 2530 Rhetorica
362 2496 508 2531 Ecclesiastico
510 2505 537 2553 ,p
546 2496 579 2531 20
