2182 3277
126 201 170 259 ‘2³28
235 252 236 255 ,
296 214 329 257 1111
341 199 575 257 nlsrniisnrionnsus
589 214 654 255 arui>
667 216 896 255 bncntrniisrus-

125 335 165 377 vel
181 334 231 377 aliis
248 332 385 386 alienigenis
400 332 425 376 in
440 314 566 386 provincia
580 345 623 374 sua
639 333 669 374 ad
684 334 782 386 tempus
798 331 946 385 degentibus.
964 332 997 374 Et

124 400 235 453 negative
249 399 378 452 respondet
392 415 400 437 1
412 399 469 452 quia
484 398 630 451 dispensatio
645 398 762 453 (intellige
774 398 891 441 :facultas
903 398 997 452 dispen-

89 521 91 523 q
125 466 204 519 sandi)
218 466 302 508 stricte
317 467 354 507 est
366 464 558 519 interpretanda,
578 469 602 508 et
617 466 776 519 intelligenda
793 467 869 509 solum
888 467 918 507 de
934 466 998 508 indi-

124 534 190 587 genis
208 536 232 575 et
249 533 283 574 ibi
300 532 432 576 intitulatis
444 530 486 585 (1),
519 534 542 573 et
568 532 617 574 illic
634 535 751 586 perpetuo
770 532 941 576 manentibus»
953 532 995 586 (2).

125 600 224 653 Insuper
236 613 241 641 :
251 615 259 638 1
269 599 323 641 tieri
333 598 395 642 enim
405 601 487 651 posset
495 597 569 647 iraus,
579 599 599 640 si
609 604 663 641 cum
672 600 834 653 undequaque
843 599 996 643 uenientibus

125 667 289 719 dispensaret».
303 664 430 707 Praeterea
443 666 552 706 auctores
566 676 675 718 expresse
689 666 777 709 docent
790 664 888 707 abbates
902 665 997 718 dispen-

124 745 176 776 sare
187 744 255 786 posse
266 748 279 771 1·
287 743 341 774 cum
352 731 401 773 suis
412 731 556 776 monachis»
568 734 591 773 et
602 746 611 768 u
622 727 744 776 noviciis»
764 732 824 775 etin
837 732 908 773 certis
920 735 996 775 mate-

123 800 164 841 riis
174 814 183 837 1
194 810 247 842 cum
257 798 332 841 servis
342 797 481 843 monasterii
491 812 507 845 o,
519 812 527 835 1
538 799 677 843 nontamen
689 810 743 841 cum
754 798 920 842 servis'alienis
930 814 939 836 1
952 797 994 852 (3)¹

154 864 176 906 3.
195 865 253 909 Cum
277 864 415 917 canonistae
438 863 508 905 unice
531 855 672 917 loquantur¹
686 864 714 905 de
739 864 916 916 dispensatione
940 876 994 908 cum

114 931 233 980 subditis,
251 932 365 974 videntur
380 929 500 982 applicare
516 929 675 982 principium:
692 929 881 973 iurisdictionem
896 933 994 973 tantum

76 1030 77 1033 η
122 1007 177 1050 erga
188 997 298 1039 subditos
310 996 413 1037 exerceri
424 1008 501 1048 posse.
515 994 560 1036 Sed
570 996 626 1039 inde
638 996 715 1037 oritur
725 996 783 1048 ipsis
796 996 842 1038 alia
854 996 993 1046 difficultas,

122 1075 206 1117 nempe
214 1067 297 1107 utrum
306 1063 430 1115 episcopus
438 1061 516 1115 possit
525 1072 575 1101 cum
583 1061 659 1114 seipso
668 1061 810 1115 dispensare.
821 1061 896 1112 Quam
906 1075 992 1116 quaes-

119 1131 210 1175 tionem
230 1129 369 1173 canonistae
388 1139 436 1173 non
456 1127 561 1176 solvunt,
582 1140 611 1172 ne
632 1128 730 1182 quidem
751 1124 852 1172 Ioannes
884 1130 912 1170 de
932 1129 991 1179 Deo,

121 1197 231 1251 quamvis
240 1197 325 1250 utique
335 1193 442 1237 affirmat
453 1207 457 1234 :
467 1209 477 1231 1
488 1193 611 1247 episcopos
620 1206 692 1248 saepe
702 1195 839 1248 dispensare
848 1207 927 1237 secum
937 1208 994 1241 con-

119 1267 159 1306 tra
173 1259 275 1309 canones
285 1279 302 1305 1,
318 1261 364 1303 Sed
377 1261 475 1303 videtur
490 1260 571 1313 potius
584 1260 673 1304 ironice
688 1261 762 1315 loqui,
779 1264 804 1302 et
818 1262 942 1315 episcopos
957 1263 993 1308 in-

120 1342 215 1383 crepare
231 1331 330 1384 propter
349 1327 539 1381 dispensationes
557 1326 669 1370 abusivas
688 1340 718 1369 ex
734 1327 878 1380 nepotismo‚
895 1328 934 1370 vel
952 1341 992 1372 cu-

118 1396 222 1451 piditate
238 1396 317 1440 iactas
328 1393 371 1449 (4).

446 1472 638 1481 Q

463 1600 567 1644 CAPUT
582 1601 614 1644 Vl

194 1719 232 1762 De
243 1719 379 1763 eiiectihus
391 1722 416 1762 ei
427 1721 647 1775 interpretatione
659 1718 893 1774 dispensationum

307 1841 318 1892 ἕ
333 1840 353 1882 1.
367 1837 398 1870 ’-
413 1839 447 1882 Dc
461 1838 579 1894 effectibus
593 1838 793 1894 dispensationum

65 1971 67 1974 ·
132 1957 164 2000 ²1.
181 1957 216 2000 De
228 1956 353 2021 effectibus
366 1957 568 2011 dispensationum
580 1961 655 2012 agunt
667 1957 817 2000 Hosrreusis
827 1956 868 2011 (5),
897 1964 970 2012 quem
1034 2008 1036 2010 Ι

114 2023 313 2074 pessumiere
329 2024 474 2067 adverbum
491 2025 598 2080 sequitur
609 2024 651 2080 (c).
668 2025 702 2066 Et
718 2024 800 2068 statim
816 2024 911 2079 quidem
927 2034 968 2077 ap-

141 2206 172 2253 (1)
189 2208 220 2246 Io.
229 2209 351 2252 Annaliun,
360 2209 382 2245 in
390 2210 541 2247 additionibus
550 2211 578 2246 ad
587 2209 710 2254 Speculum,
723 2210 735 2247 1,
745 2219 761 2247 c.
772 2219 777 2244 ε
786 2222 794 2242 1
805 2210 827 2244 et
835 2210 986 2254 quasi-intitu-

113 2263 165 2302 latis
174 2278 189 2302 1.

139 2319 170 2367 (2)
185 2318 311 2365 basians,
323 2330 342 2358 o.
373 2330 398 2364 c.‚
414 2322 427 2360 1,
440 2331 465 2365 c.,
482 2321 492 2365 ἓ
505 2320 525 2358 7.

138 2377 169 2423 (3)
186 2379 216 2415 Cf.
228 2378 301 2416 10,οΕ
312 2379 369 2420 Duc,
379 2388 397 2416 ο,
408 2388 433 2421 c.,
446 2378 456 2422 ξ
465 2377 485 2421 2,
497 2378 529 2413 Dc
538 2377 593 2422 disp.
602 2377 729 2421 Leputorunr
739 2386 778 2416 ms.
786 2378 822 2416 cit.
832 2377 904 2423 iol.52,
914 2378 953 2417 col.
964 2378 984 2417 3.

139 2434 170 2479 (4)
187 2434 217 2471 Gi.
232 2435 307 2472 Iano
320 2435 377 2477 Duo,
390 2444 408 2472 o.
421 2444 445 2479 c.‚
464 2435 493 2470 ad
505 2443 522 2471 c.
536 2434 555 2470 5.
577 2432 652 2469 uitem
664 2435 761 2480 episcopi
774 2436 900 2480 dispensant
912 2444 985 2472 secum

111 2492 188 2526 contra
197 2500 321 2535 canones...
331 2491 364 2526 De
373 2491 434 2528 Cons.
445 2492 479 2527 Di.
487 2491 514 2526 V.
525 2489 551 2525 Ut
560 2490 662 2535 Episcopi
671 2491 698 2535 (c.
708 2491 730 2536 7)
739 2491 777 2527 ubi
786 2492 865 2527 dicitur
874 2502 879 2527 ι
889 2494 948 2537 quod
955 2493 985 2529 ie-

109 2547 156 2583 iuni
169 2548 296 2584 debuissent
308 2546 437 2585 confirmare
448 2555 535 2592 pueros,
549 2548 571 2581 et
582 2548 657 2583 tamen
669 2548 712 2593 ipsi
724 2543 811 2585 iaciunt
823 2549 906 2585 contra.
919 2548 950 2584 Ei
961 2543 985 2585 in

109 2602 185 2638 multis
197 2604 243 2641 aliis
255 2604 384 2649 dispensant
395 2612 475 2646 secum,
489 2612 538 2638 curn
552 2604 656 2639 deberent
667 2613 742 2640 omnes
756 2604 874 2648 dignitates
886 2605 909 2638 et
919 2605 985 2641 bene·

108 2658 160 2694 ficia
174 2660 279 2696 collocare
293 2661 316 2696 in
328 2667 433 2704 personas
446 2660 566 2703 litteratas,
581 2662 603 2695 et
620 2659 733 2703 honestas,
747 2661 770 2694 et
783 2670 828 2697 non
840 2661 932 2704 iaciunt,
947 2663 986 2697 sed

110 2715 166 2751 dant
180 2717 321 2762 nepotibus...
337 2716 360 2750 et
374 2716 492 2752 conterunt
504 2715 555 2759 illis,
565 2725 663 2761 quorum
678 2718 730 2752 sunt
744 2717 854 2761 ohsequiis
869 2718 984 2761 delibuti..

110 2772 132 2805 et
146 2773 204 2815 quod
218 2773 312 2808 deterius
327 2773 366 2813 est,
382 2773 482 2808 vendunt
496 2772 638 2815 cathedras...
665 2773 756 2809 Consule
770 2774 851 2815 tamen,
866 2774 924 2817 quod
943 2774 985 2809 hoc

108 2837 151 2863 non
164 2827 252 2872 taciani,
267 2828 318 2873 quia
331 2838 374 2864 non
387 2829 457 2864 minus
471 2828 585 2873 ardebunt,
599 2829 636 2873 qui
649 2838 699 2864 cum
712 2829 787 2865 multis
800 2829 907 2866 ardebunt
914 2842 929 2865 1,

135 2880 166 2926 (5)
180 2882 322 2926 Hosni‘nssrs,
335 2884 428 2927 summa,
440 2883 464 2919 L.
480 2882 520 2921 ΙΙΙ.
533 2884 567 2921 iit.
581 2885 612 2920 Dc
622 2884 788 2926 remissionibus,
800 2884 857 2921 Rub.
870 2885 901 2920 De
913 2885 955 2919 clis-

103 2938 267 2983 pensuticnibus,
282 2941 292 2983 §
303 2939 317 2974 4
328 2967 333 2977 .

130 2993 160 3038 (6)
176 2994 297 3039 Dunnurls,
307 3004 324 3031 c.
335 3005 350 3032 c.
362 2995 374 3032 t.
385 3005 409 3039 n,
422 2996 431 3040 ξ
441 2995 473 3032 11.
