2182 3277
131 186 174 229 110
357 201 390 229 nn
401 197 634 230 ursrnnsnrronrnos
646 195 711 230 nanu
722 193 888 231 nnennrr'sans
950 177 956 179 ”

129 306 300 360 pausationem
308 320 356 350 esse
364 306 515 362 prohibitam,
527 308 665 362 permissam
675 309 714 352 vel
721 308 833 358 debitam,
841 306 979 364 praesertim

130 386 213 428 nempe
227 373 318 416 ratione
332 374 480 429 publicitatis
493 376 532 417 vel
546 388 593 419 non
605 375 664 431 faeti
677 388 719 430 pro
735 389 780 431 quo
794 376 909 419 relaxatio
923 374 980 428 legis

129 444 165 481 est
177 440 318 483 inducenda.
334 439 398 483 Haec
412 440 480 490 enim,
494 441 564 484 iuxta
577 443 718 497 qualitatem
732 446 757 485 et
770 442 931 497 quantitatem
944 441 980 495 ip-

128 506 177 547 sius
187 506 296 556 oriminis,
307 506 409 549 maxime
420 507 547 549 constituit
556 503 693 552 scandalum
702 513 727 551 et
737 508 893 563 perniciosum
903 519 982 552 exem-

129 573 201 627 plum.
216 572 334 627 Principia
347 577 427 616 tamen
440 574 556 626 generalia
569 588 611 616 nec
623 574 672 629 ipse
685 575 798 624 exhibet3
813 578 837 617 at
849 575 917 617 iuxta
929 587 978 617 me·
993 566 994 569 ¹

128 640 228 681 thodum
244 639 389 688 iuristarum,
407 639 539 683 doctrinam
556 640 659 695 explicat
670 653 710 695 per
727 642 835 696 exempla
852 643 978 695 desumpta

128 718 158 747 ex
173 705 279 748 textibus
295 706 416 760 legalibus,
435 706 519 761 quibus
536 720 603 749 casus
619 706 721 750 concreti
738 707 887 751 dirimuntur.
905 707 980 750 Simul

128 772 194 814 reicit
206 771 340 827 opinionem
352 786 412 828 quae
423 777 488 817 tenet
500 773 699 828 dispensationem
710 788 759 818 esse
772 775 877 818 debitam
887 774 912 817 in
923 787 979 817 casu

129 838 232 883 criminis
246 839 339 888 occulti,
355 839 411 894 quia
424 856 433 878 a
442 839 466 883 in
480 840 578 882 occultis
592 841 657 884 nulla
671 839 872 896 dispensatioest,
888 851 980 883 cumex

129 894 269 949 necessitate
279 906 320 948 ita
334 906 379 949 fiat
388 922 397 945 u
409 906 449 960 (1).
490 929 491 932 ¹
1003 963 1005 966 ·

158 973 247 1015 Deinde
260 973 359 1027 indagat
367 984 410 1025 qno
417 985 484 1015 sensu
493 972 636 1028 dispensatio
646 973 677 1016 sit
685 974 774 1024 debita,
783 977 807 1016 et
816 973 897 1028 quibus
905 973 974 1015 ratio-

128 1038 204 1081 nibus.
269 1038 271 1043 “
379 1090 383 1095 v

157 1106 261 1150 Priorem
273 1106 389 1151 rationem
402 1106 503 1150 desumit
515 1121 544 1150 ex
555 1107 606 1162 ipsa
619 1102 772 1162 dispositione
784 1106 847 1158 iuris,
861 1109 979 1163 quatenus
1043 1135 1044 1138 =

127 1172 215 1216 scilieet
226 1172 305 1216 variae
318 1172 471 1216 auctoritates
483 1187 523 1216 seu
536 1187 636 1218 canones
646 1187 659 1216 a
670 1174 783 1218 Gratiano
792 1174 858 1217 allati
869 1187 980 1229 praecep-

126 1240 175 1283 tive
189 1241 334 1296 loquuntur:
349 1257 357 1279 r
368 1254 459 1284 necesse
473 1245 509 1283 est
523 1240 677 1295 dispensari»,
692 1232 880 1284 «detrabendum
894 1244 978 1285 estse-

126 1306 242 1350 veritati»
254 1307 294 1362 (2),
307 1320 426 1352 «canones
442 1302 591 1363 praecipiunt
608 1308 739 1359 haereticos
748 1321 873 1363 reparare»
884 1307 925 1362 (3).
937 1307 977 1349 Al-

126 1376 202 1417 teram
214 1374 331 1418 rationem
343 1374 446 1417 desumit
457 1388 486 1417 ex
498 1373 589 1416 collatis
601 1374 702 1417 invicem
714 1374 850 1418 notionibus
861 1372 918 1416 iuris
930 1373 979 1415 Ro-

127 1441 191 1483 mani
205 1442 232 1483 de
246 1441 328 1495 rigore,
342 1440 391 1482 iure
404 1444 428 1483 et
442 1440 623 1495 dispensatione.
636 1440 729 1494 «Rigor
742 1445 778 1483 est
789 1440 813 1483 in
827 1441 925 1493 austeris
938 1439 973 1483 ni-

127 1507 175 1551 mia
187 1507 318 1550 severitas»
329 1507 416 1549 etideo
428 1524 436 1545 o
447 1517 576 1561 numquam
589 1507 659 1549 debet
671 1507 790 1550 observari
808 1506 854 1565 nisi
863 1506 923 1550 forte
936 1519 974 1549 oa-

128 1573 224 1615 sualiter
235 1575 265 1615 ad
275 1573 445 1620 terroremscil.
456 1584 507 1616 cuni
518 1572 599 1615 multis
609 1572 771 1627 grassantibus
782 1585 840 1627 opus
850 1577 885 1615 est
895 1584 973 1616 exem-

125 1640 173 1695 plo,
186 1643 213 1682 nt
225 1640 251 1689 ii,
265 1640 299 1682 De
312 1639 399 1694 poenis,
417 1640 427 1692 ξ
439 1639 474 1680 ult
481 1654 497 1682 u,
522 1656 531 1677 a
542 1639 581 1681 lus
593 1643 628 1682 est
640 1639 748 1693 aequitas
760 1638 809 1682 scil.
820 1639 912 1682 iustitia
925 1637 977 1683 uni-

127 1706 210 1761 cuique
223 1706 259 1756 ius
273 1718 341 1750 suum
353 1705 459 1748 tribuens
468 1722 483 1754 l,
511 1709 534 1748 et
547 1722 555 1744 r
565 1706 609 1748 hoc
622 1716 711 1760 semper
725 1709 761 1748 est
776 1706 948 1749 observandum
957 1721 973 1746 n.

130 1771 282 1826 Dispensatio
294 1775 375 1815 contra
385 1784 432 1814 non
443 1771 523 1814 estius
534 1773 574 1814 scd
583 1771 640 1814 iuris
650 1771 773 1821 relaxatio,
792 1772 890 1826 ideoque
901 1785 941 1827 per
952 1784 976 1813 se

126 1852 167 1881 seu
179 1840 207 1881 de
219 1839 297 1892 regula
309 1837 411 1892 generali
422 1855 430 1877 a
441 1850 486 1882 non
499 1838 569 1880 debet
581 1838 706 1888 observari,
719 1850 761 1881 nec
774 1839 900 1882 secundum
925 1850 977 1881 eam

125 1904 231 1955 iudicari,
241 1905 285 1949 nisi
293 1905 343 1948 loco
354 1907 378 1947 et
386 1908 491 1959 tempore
500 1903 654 1953 necessitatis,
663 1905 701 1948 vel
710 1917 781 1947 causa
789 1904 901 1962 utilitatis
909 1920 918 1943 u
939 1903 981 1957 (4).

128 2346 191 2389 rigor,
203 2346 242 2387 ius,
256 2344 395 2389 dispensatio.
408 2341 472 2384 Rigor
483 2344 514 2377 est
525 2343 546 2377 in
558 2343 648 2380 austeris
660 2342 725 2377 nimia
737 2343 845 2385 severitas,
858 2342 900 2378 scil.
919 2343 977 2386 quod

129 2403 237 2440 statutum
249 2403 281 2435 est
292 2401 379 2442 tantum
390 2391 545 2449 adkt'errorem3
558 2400 612 2433 sicut
624 2399 681 2443 quod
693 2398 770 2446 dicitur
780 2398 921 2443 penitentiam
934 2407 978 2432 esse

128 2458 280 2502 imponendam
295 2456 430 2492 contrahenti
446 2457 546 2493 secundas
561 2455 654 2499 nuptias,
669 2455 694 2489 ut
708 2454 794 2496 XXXI,
809 2464 830 2498 q.
845 2454 863 2497 1,
878 2454 939 2496 Hac;
956 2455 977 2488 et
1006 2462 1007 2465 ¹

128 2515 185 2558 qnod
198 2515 265 2549 oratio
279 2521 390 2558 nunquam
403 2512 443 2547 iiat
455 2521 491 2556 pro
506 2520 529 2547 eo
543 2511 579 2555 qui
592 2511 723 2546 sacerdotem
736 2511 834 2545 nominat
846 2511 941 2545 tutorem
954 2510 975 2545 in

124 2572 262 2613 testamento,
276 2573 301 2605 ut
314 2570 348 2604 Di.
362 2567 509 2610 LXXXVIIL
522 2568 611 2611 Neqne;
639 2568 660 2600 et
673 2567 727 2601 sient
741 2569 773 2601 est
786 2568 843 2611 quod
855 2567 976 2602 communio

126 2637 169 2662 non
180 2627 243 2661 debet
253 2627 298 2661 dari
307 2626 329 2661 in
339 2625 383 2660 iine
392 2625 437 2661 vite
447 2624 478 2658 his
488 2624 525 2669 qui
534 2623 658 2658 deiecerunt
666 2623 688 2658 in
698 2623 834 2661 accusatione
844 2622 978 2665 clericorum,

127 2685 153 2717 ut
167 2682 195 2725 ΙΙ,
206 2693 226 2727 q.
239 2683 258 2725 3,
272 2683 293 2717 st
304 2683 352 2726 quis
364 2682 500 2725 episcopum;
513 2681 534 2714 et
545 2679 670 2723 generaliter
682 2680 812 2723 ubicumque
838 2679 977 2722 exaggeratur

126 2740 244 2785 penitentia
260 2738 316 2773 ultra
333 2746 397 2782 quarn
414 2737 498 2779 debeat,
513 2737 548 2772 vel
563 2738 672 2771 exercetur
688 2736 790 2778 severitas
812 2735 856 2769 sine
871 2736 978 2778 tempera-

126 2796 198 2830 mento
215 2794 392 2835 mansuetudinis,
408 2794 434 2828 ut
449 2792 482 2829 Di.
499 2792 565 2835 XLV,
582 2793 637 2828 Sunt
653 2800 753 2836 namque.
769 2791 817 2826 Hoc
833 2791 854 2824 et
869 2791 978 2826 consimile

129 2852 224 2895 estrigor
232 2852 253 2884 et
269 2861 311 2886 non
322 2846 369 2893 ius,
387 2851 408 2884 et
424 2857 543 2893 numquam
560 2848 737 2884 dehetobservari
744 2847 785 2882 nisi
793 2846 848 2881 torte
863 2847 978 2884 casualiter

125 2909 154 2946 ad
165 2909 274 2949 terrorem,
286 2906 329 2942 scil.
341 2899 389 2940 curn
399 2904 472 2941 multis
483 2905 636 2949 grassantibus
649 2914 703 2950 opus
714 2905 747 2939 est
758 2902 863 2947 exemplo,
876 2904 903 2937 ut
913 2902 939 2946 ii,
952 2904 979 2938 de
