2139 3277
250 185 284 228 ΒΕ
293 184 489 221 Drsnunsnrroir‘u
499 185 587 221 racina
598 184 628 219 'ET
637 182 846 218 Drssrirutn'rro'nu
920 167 960 216 177

97 299 259 353 impugnando
274 298 339 358 iacto
353 299 437 341 illicite
450 298 489 340 vel
502 297 709 352 invalideposito,
725 308 772 338 non
789 294 836 337 ideo
852 290 964 335 committi

78 369 80 371 '
97 366 232 419 potestatem
244 363 395 418 dispensandi
405 365 430 409 in
442 365 602 408 matrimonio.
616 364 712 408 Etenim
724 364 750 406 vi
762 363 818 406 talis
830 359 965 417 permissio-

98 432 134 475 nis
150 432 335 485 comparativae,
352 444 412 486 quae
429 443 476 475 non
491 431 601 474 involvat
617 430 827 484 dispensationem,
845 441 893 471 non
910 439 964 470 con-

97 499 189 540 ceditur
201 499 258 551 ipsis
272 500 380 551 potestas
394 497 548 550 dispensandi
563 497 603 538 sed
617 508 681 540 mera
691 499 799 551 potestas
810 492 965 551 permittendi

89 565 178 613 taliter
194 564 347 607 matrimonio
365 563 504 606 coniunctos
520 574 640 605 remanere
656 563 681 606 in
698 565 796 616 peccato
810 561 910 607 ,mortali
922 558 963 613 (1).

93 630 150 677 ,Hor
172 633 252 673 autem
275 630 366 671 Ionum
388 629 489 673 nimium
509 629 614 677 videtur,
637 629 678 669 sed
700 629 758 682 quia
779 627 826 671 nou
847 627 964 682 perspicit

97 697 215 750 quomodo
234 695 366 747 difficultas
380 689 498 739 'solvenda
515 695 554 744 sit,
573 694 633 736 dicit
648 694 673 737 in
691 693 853 737 consimilibus
870 692 965 736 casibus

55 786 56 789 =
97 761 126 804 R.
138 761 281 818 Pontificem
292 773 335 805 nec
346 761 611 815 verevdispensare,·nee
621 772 676 802 rere
688 760 843 818 dissimulare,
856 759 897 801 sed
908 771 964 812 quo-

99 820 225 886 dammodo
250 828 395 881 dispensare,
418 830 537 881 quatenus
562 826 668 869 defendit
684 825 872 874 ,matrimonium
898 824 967 866 reiel*

95 895 165 940 lende
184 897 348 938 accusatorem
366 906 392 936 ac
411 895 431 936 si
450 894 611 948 dispensasset
623 892 664 947 (2).
684 887 806 934 Damasus
823 893 914 940 contra,
931 890 965 932 lo·

124 1057 154 1102 (1)
171 1057 202 1093 Gl.
215 1058 243 1093 ad
254 1065 274 1093 v.
290 1058 336 1091 tuae
348 1057 476 1099 discretioni,
490 1066 506 1092 c.
520 1057 539 1099 4,
553 1055 681 1101 comp-111,
696 1050 963 1099 IV,16.1<Quatuorenim

96 1115 148 1149 suut
161 1122 215 1158 quae
228 1114 337 1148 inducunt
350 1113 534 1157 dispensationem
547 1113 570 1148 in
583 1113 737 1147 matrimonio:
750 1111 875 1147 reformatio
889 1110 964 1155 pacis..

95 1171 149 1205 item
162 1178 264 1205 numerus
277 1178 385 1205 annorum
398 1169 420 1203 et
433 1169 504 1213 proles
518 1170 641 1213 suscepta...
655 1169 709 1203 item
721 1169 847 1204 iuventus...
862 1167 964 1210 quintum

97 1228 156 1270 quod
166 1226 251 1261 inducit
262 1225 423 1261 simulationem
434 1225 479 1261 scil.
492 1226 562 1260 maius
573 1225 661 1267 malum,
673 1224 786 1269 utsupra,
799 1224 839 1267 Qui
851 1222 921 1257 clerici
933 1222 964 1257 oei

96 1283 197 1325 voventes,
210 1283 279 1327 Supra
291 1290 309 1318 e.
321 1283 338 1317 t.
351 1278 510 1325 Sipnisicu'ium,
522 1282 536 1317 l.
552 1281 561 1315 Ι
573 1282 599 1326 (c.
613 1281 632 1324 3,
646 1282 718 1325 Comp.
734 1281 750 1324 I,
766 1280 801 1323 IV,
814 1280 842 1324 6).
855 1279 877 1315 Si
888 1279 963 1314 autern

96 1339 217 1383 appelletur
230 1339 265 1373 hic
279 1338 431 1380 dissimulatio,
444 1338 479 1374 ie.
493 1338 606 1382 permissio
621 1336 778 1382 comparativa,
792 1336 911 1371 seeundum
923 1335 964 1370 hoc

95 1404 139 1430 non
153 1396 240 1430 daretur
253 1395 352 1439 potestas
366 1393 638 1438 dispensandilepisoopis]
653 1395 690 1429 sed
703 1394 777 1438 potius
790 1389 963 1437 permittere'eos

96 1459 141 1486 esse
150 1452 173 1487 in
183 1451 271 1496 mortali
282 1451 379 1495 peccato.
391 1450 420 1485 Et
431 1451 457 1485 de
466 1450 506 1485 tali
517 1450 679 1494 dispensatione
689 1450 788 1494 loquitur
799 1444 870 1493 supra,
883 1448 915 1482 De
925 1448 963 1491 sri-

94 1507 149 1551 pidis
159 1508 178 1542 et
186 1507 298 1551 maleficis,
309 1499 355 1549 cs1,
365 1506 378 1542 l.
391 1505 412 1540 ΙΙ
421 1506 506 1550 (Comp.
519 1506 549 1548 ΙΙ,
560 1506 596 1549 IV,
606 1505 649 1551 9)...
667 1506 732 1540 etsie
741 1504 865 1549 intelligunt
874 1504 964 1548 quidam

95 1564 154 1608 quod
164 1564 198 1598 hic
208 1563 293 1599 dicitur⁴
306 1563 327 1598 Si
338 1562 394 1597 enirn
404 1570 456 1597 vera
466 1564 522 1597 esset
533 1562 665 1607 dispensatio
676 1572 719 1598 non
730 1562 842 1607 separetur
852 1560 963 1595 matrimo÷
1014 1595 1016 1597 ,

96 1620 157 1656 nium
172 1620 201 1654 sic
217 1619 386 1661 dissimulatum,
401 1618 426 1652 ut
441 1618 505 1660 inira,
525 1618 566 1661 Qui
580 1618 741 1653 matrimonium
756 1626 851 1652 accusare
865 1617 962 1661 possunt,

92 1675 133 1722 Per
143 1677 189 1710 tuos
198 1677 223 1721 (c.
232 1676 251 1718 2,
261 1676 334 1719 Comp
344 1673 384 1717 ΙΙΙ,
393 1673 429 1716 IV,
437 1674 478 1719 13).
489 1674 530 1710 Sed
538 1675 567 1710 ad
575 1675 615 1709 hoc
623 1672 696 1719 potest
703 1674 828 1718 responderi
837 1673 895 1718 quod
903 1671 963 1708 aliud

93 1732 145 1766 iuris
161 1733 193 1766 est
207 1731 243 1776 [in]
272 1732 343 1766 tacita
357 1731 518 1775 dispensatione
533 1739 599 1775 quam
612 1730 635 1766 in
649 1738 757 1775 expressa,
782 1731 807 1765 ut
820 1729 850 1764 ibi
865 1729 963 1769 dicam),

95 1789 145 1823 Cod.
157 1797 195 1824 ms.
207 1788 242 1823 cit.
253 1787 304 1824 Vat.
314 1787 353 1822 lat.
364 1797 384 1823 n.
396 1786 457 1829 1377,
467 1786 504 1822 tol.
516 1786 563 1823 216.

121 1844 152 1888 (2)
169 1844 200 1879 Gl.
212 1845 271 1879 adv.
284 1843 439 1877 dissimulando
451 1842 568 1887 dispensat
581 1851 597 1878 c.
611 1842 629 1884 1,
642 1843 715 1887 Comp
730 1842 771 1884 III,
785 1841 821 1885 iv,
833 1841 866 1877 13.
880 1823 962 1875 «Vide-

83 1900 130 1945 tur
141 1900 176 1935 hic
187 1900 256 1935 multa
267 1899 314 1934 elici
325 1908 387 1944 posse
398 1899 501 1944 specialia
511 1899 553 1944 (i),
565 1899 590 1933 ut
602 1898 645 1934 scil.
658 1899 756 1934 Ecclesia
767 1898 909 1942 compellatur
921 1897 962 1931 dis-

93 1964 190 2000 pensare,
202 1957 254 2000 quia
264 1955 400 2000 compellitur
411 1956 527 1990 admittere
538 1952 695 1999 exceptionem,
707 1955 770 1989 etita
781 1953 892 1998 dispensat
903 1952 963 1987 dissi-

94 2012 197 2061 mulando
207 2013 229 2046 et
238 2021 248 2045 e
258 2011 373 2046 contrario.
394 2010 457 2060 Item,
468 2011 519 2055 quia
528 2011 641 2055 dispensat
649 2019 698 2045 cum
707 2011 785 2053 invito,
796 2010 839 2046 scil.
850 2018 899 2044 cum
908 2009 963 2044 alter

70 2095 74 2098 .
94 2068 209 2112 coniugum
220 2068 269 2106 uult
281 2067 376 2112 separari
388 2067 414 2101 ab
427 2063 501 2102 altero
509 2068 531 2101 et
543 2076 586 2101 non
598 2067 655 2101 stare
668 2076 717 2101 curn
728 2067 773 2102 illo.
788 2065 843 2100 Item
856 2065 912 2115 quia,
920 2066 961 2099 dis-

93 2124 172 2169 pensat
184 2133 248 2173 super
258 2124 414 2168 impedimento
428 2123 469 2158 sibi
480 2123 598 2167 incognito.
612 2122 713 2158 Preterea
725 2123 823 2167 queritur
835 2123 911 2157 utrum
923 2121 962 2156 Ec-

93 2181 157 2216 clesia
170 2189 219 2216 vere
234 2181 344 2225 dispenset
355 2180 378 2214 in
391 2179 432 2213 hoc
445 2174 503 2222 casu,
517 2189 546 2214 an
559 2178 694 2214 solummodo
709 2179 844 2220 dissimulet;
859 2179 881 2212 et
893 2178 911 2211 si
924 2178 963 2212 hec

92 2236 140 2281 [est]
156 2236 306 2279 dissimulatio,
320 2237 394 2271 utrum
408 2236 436 2269 sit
450 2235 601 2280 comparativa
613 2235 724 2280 permissio
739 2235 774 2271 vel
786 2234 860 2270 libera.
874 2234 909 2268 Ad
922 2234 962 2268 hoc

93 2289 169 2327 dicunt
182 2293 271 2336 quidam
284 2293 343 2336 quod
355 2291 453 2327 Ecclesia
465 2299 514 2327 vere
528 2286 646 2336 dispensat,
660 2300 700 2327 nec
712 2292 797 2335 cogitur
809 2290 926 2326 admittere
937 2289 962 2324 il-

90 2348 135 2384 lam
151 2349 302 2393 exceptionem
317 2348 358 2383 nisi
375 2347 486 2392 dispenset
500 2348 590 2392 propter
606 2347 776 2395 diuturnitatem
790 2346 909 2391 temporis3
926 2345 962 2380 alii

92 2405 168 2440 dieunt
180 2406 238 2449 qnod
249 2405 271 2440 in
283 2404 411 2438 hoedicitur
423 2403 520 2438 Ecclesia
532 2404 725 2448 dispensare,quod
736 2413 780 2438 non
792 2403 891 2438 admittit
899 2410 963 2437 accu:

91 2461 199 2496 sationem
211 2462 287 2496 contra
299 2460 469 2502 matrimonium,
482 2460 505 2493 et
517 2460 595 2494 dicunt
607 2460 664 2503 quod
676 2461 727 2504 post
739 2467 862 2504 expressam
875 2458 961 2502 dispen-
988 2486 990 2489 ,

54 2562 55 2565 ¹
91 2518 199 2552 sationem
213 2516 341 2552 admittitur
355 2517 475 2558 accusator,
491 2516 586 2550 sednon
601 2516 651 2559 post
664 2516 763 2551 tacitam.
779 2515 824 2558 Ego
840 2515 886 2549 dico
902 2515 961 2558 quod

91 2573 188 2608 Ecclesia
198 2582 241 2608 non
252 2573 364 2621 dispensat
374 2580 430 2615 vere,
442 2580 482 2607 nec
492 2572 559 2607 etiarn
569 2580 619 2607 vere
630 2572 759 2614 dissimulat,
771 2571 808 2605 sed
819 2571 898 2605 dicitur
910 2579 961 2614 quo-

92 2629 207 2665 dammodo
225 2629 356 2672 dispensare,
375 2628 426 2672 quia
443 2627 541 2663 defendit
558 2628 722 2663 matrimonium
738 2627 856 2662 refellendo
873 2635 961 2661 accusa-

89 2686 161 2720 torem
172 2685 226 2721 acsi
239 2684 391 2729 dispensasset.
405 2683 513 2727 Quoniam
525 2684 542 2718 si
554 2692 604 2719 vere
616 2684 758 2728 dispensaret,
771 2683 847 2718 statim
858 2683 910 2727 post
922 2683 963 2717 dis-

91 2742 249 2786 pensationem,
261 2742 318 2775 esset
327 2740 449 2784 legitimum
460 2740 625 2775 matrimonium
635 2741 692 2775 iuter
701 2740 757 2776 illos.
770 2739 833 2782 Quod
844 2739 876 2773 est
887 2738 961 2773 absur-

92 2799 151 2840 dum,
161 2798 264 2842 quoniam
273 2797 325 2832 ante
332 2797 420 2840 tempus
427 2796 482 2831 illud
491 2796 576 2831 nullum
585 2796 633 2832 erat
640 2795 812 2838 matrimonium,
822 2804 861 2831 nec
870 2796 896 2830 de
904 2804 962 2830 novo

91 2853 237 2896 consentiunt,
253 2854 311 2888 unde
325 2862 368 2888 non
383 2852 416 2886 est
431 2851 602 2895 matrimonium,
619 2853 677 2897 quod
692 2853 718 2888 de
732 2852 798 2897 plano
815 2852 916 2887 concedo.
931 2850 961 2886 Et

92 2909 109 2943 si
126 2909 162 2943 ille
180 2910 216 2954 qui
234 2910 302 2945 obicit
319 2908 470 2954 exceptionem
488 2909 578 2953 propter
596 2908 699 2953 temporis
718 2908 888 2944 diuturnitatem
907 2903 962 2943 sciat

91 2966 150 3010 quod
163 2962 219 3002 male
233 2965 348 3001 coniuncti
359 2966 416 3009 sunt,
431 2964 554 3002 mortaliter
567 2966 645 3010 peccat
657 2965 688 3000 slc
701 2957 836 3009 excipiendo,
852 2964 903 3008 quia
915 2962 961 2998 nul-
