2182 3277
149 219 193 266 160
329 230 362 265 DE
376 229 618 270 Drspunsarrorueus
631 226 700 266 'APUD
714 221 917 266 nuenarntr's'rns

128 357 130 361 ’
147 353 242 385 trenno
252 343 381 384 Dunnnrrs
393 356 397 383 :
408 359 416 381 a
428 342 534 386 Robrica
545 344 572 399 de
583 342 801 397 dispensationibus
812 344 852 387 nin
860 343 909 386 eius
918 339 1016 397 Speculo

145 402 203 451 iuris
220 409 328 453 canonici
346 410 375 451 ad
391 410 492 452 titulum
509 410 537 452 de
550 400 647 465 legatis-
657 410 688 464 (a.
708 410 774 464 1272)
787 409 828 464 (1).
847 410 878 451 Hi
894 404 1020 465 tractatus

147 476 350 529 hahent-scopum
379 476 512 528 practicam
527 479 550 518 et
567 477 691 530 applicant
707 477 841 520 doctrinam
857 488 929 530 quam
944 475 1017 528 scrip-

142 545 207 584 tores
224 541 333 595 diligenti
348 541 549 603 iontiumstudio
566 542 611 584 sibi
628 547 835 596 comparaverant.
866 597 867 600 Ἴ

358 696 403 739 ΙΙΙ.
417 721 447 726 -
460 695 606 739 De'mcihodo
616 696 825 739 Decretnlistorurn

185 825 205 869 l.
223 825 395 869 Decretalistae
415 826 459 868 vix
479 827 602 869 adducunt
628 825 756 867 doctrinam
785 825 973 880 Decretisinrum,
994 829 1013 872 si

145 898 276 954 seponatur
290 891 478 935 Archidiaconus
494 893 543 945 qui,
558 892 583 934 in
599 905 641 933 suo
658 892 765 942 Rosario‚
782 893 854 952 refert
869 896 1013 947 praesertim

145 961 278 1003 doctrinam
295 959 389 1001 Ioannis
404 959 531 1002 Faventini
545 961 569 1000 et
583 959 760 1011 Huguccionis3
775 959 799 1000 hi
814 960 895 1007 etiam,
904 962 1013 1015 sedraro,

145 1026 174 1069 ab
189 1026 240 1069 aliis
253 1026 418 1068 Decretalistis
431 1024 572 1082 afferuntur.
587 1025 682 1074 Contra,
697 1025 905 1082 satis'irequenter
916 1028 1013 1073 invoca-

145 1096 185 1135 tur
197 1093 275 1146 glossa
288 1092 409 1135 ordinaria
422 1091 517 1133 Decreti
532 1091 628 1134 Ioannis
650 1092 774 1134 Teutonici
788 1105 848 1146 quae
868 1096 947 1136 totam
960 1094 1009 1137 fere

98 1210 101 1216 ¹
144 1159 278 1201 doctrinam
296 1158 397 1200 resumit
415 1158 603 1202 Decretistarum
622 1158 718 1200 maioris
736 1159 859 1208 momenti,
887 1149 970 1204 Rufini
988 1165 1013 1203 et
1062 1187 1063 1190 =

144 1224 313 1278 Huguccionis,
332 1223 377 1272 Per
392 1225 496 1280 glossam
514 1224 659 1267 ordinariam
686 1224 799 1269 doctrina?
819 1227 937 1278 posterior
955 1239 1010 1270 cum

143 1292 215 1345 priori
231 1290 389 1344 coniungitur.
405 1290 546 1332 additiones
560 1290 616 1339 huic
630 1291 720 1343 glossae
735 1304 748 1333 a
760 1291 944 1335 Bartholomaeo
958 1293 1016 1334 Bri-.

143 1357 219 1400 >riensi
234 1359 350 1411 quaedam
365 1357 444 1399 iactae
459 1360 522 1399 sunt.

174 1425 195 1466 2.
213 1424 249 1466 Ne
260 1427 371 1477 putemus
382 1426 464 1480 tamen
476 1422 646 1465 Decretalistas
658 1424 719 1465 nude
731 1426 755 1464 et
765 1424 906 1477 simpliciter
918 1425 1011 1468 conclu-

142 1491 219 1533 siones
233 1490 421 1532 Decretistarum
435 1490 596 1543 assumpsisse.
610 1488 757 1538 Doctrinam
768 1490 841 1533 etiam
854 1492 1011 1534 communiter
1034 1517 1036 1525 ι

142 1560 332 1611 receptammouo
344 1556 446 1597 cernunt
457 1554 575 1597 subiciunt
586 1559 610 1597 et
621 1555 726 1608 penitius
738 1557 805 1598 deca
815 1556 948 1611 inquirunt,
961 1570 1009 1601 non

142 1625 192 1668 sine
210 1623 311 1666 notabili
329 1624 443 1666 scientiae
461 1632 592 1677 progressu.
611 1622 690 1664 Huius
708 1621 843 1676 progressus
859 1626 908 1666 tres
926 1637 1009 1667 causae

141 1690 255 1744 assignari
278 1693 385 1743 possunt.
843 1744 844 1747 Ἴ

171 1758 252 1799 Prima
262 1761 297 1799 est
305 1756 412 1800 influxus
421 1756 446 1799 in
457 1756 505 1798 dies
516 1768 621 1798 crescens
633 1754 691 1796 iuris
704 1755 804 1797 Romani
814 1756 906 1809 eiusque
924 1756 1008 1798 meilro-

141 1822 165 1864 cli
180 1823 258 1865 stricte
274 1822 392 1864 iuridicuc.
408 1822 545 1864 Auctoritas
560 1821 667 1871 Patrum,
679 1835 737 1875 quae
748 1823 811 1865 tanti
827 1824 943 1867 momenti
957 1824 1008 1866 fue-

140 1894 178 1934 rat
191 1891 255 1944 apud
268 1889 422 1938 Decretistas‚
437 1903 449 1931 a
462 1888 626 1931 Decretalistis
639 1900 691 1930 raro
703 1889 837 1931 invocatur.
852 1889 884 1931 Hi
897 1889 1002 1934 afferunt

139 1960 221 1999 textus
236 1956 300 2005 iuris,
317 1968 419 2009 quorum
433 1955 657 2008 interpretationem
672 1967 714 2008 per
728 1958 809 1996 textus
825 1956 949 2009 parallelos
963 1957 1005 1998 iir-

139 2027 215 2067 mant.
228 2023 265 2064 Ex
276 2035 340 2065 more
350 2026 409 2063 tuno
421 2024 523 2075 recepto,
537 2034 582 2075 quo
593 2021 631 2062 ius
643 2020 778 2064 Romanum
789 2021 892 2064 hahetur
903 2026 930 2064 ut
954 2023 1007 2066 fons

138 2081 298 2143 suppletorius
316 2089 373 2130 iuris
393 2088 499 2130 canonici
519 2091 542 2130 et
561 2088 720 2140 praesumitur
740 2100 793 2131 cum
812 2101 838 2130 eo
866 2091 1007 2132 concordare

137 2157 244 2209 illudque
260 2155 407 2203 confirmare,
423 2154 492 2196 iuxta
505 2157 587 2196 textus
603 2154 728 2196 canonicos
743 2154 847 2207 allegant
861 2154 897 2196 ius
920 2155 1008 2199 Roma-

84 2237 89 2241 ·
137 2235 202 2265 num.
213 2221 258 2273 Qui
266 2233 316 2264 mos
326 2222 384 2262 adeo
394 2220 477 2269 crevit,
487 2224 514 2261 ut
523 2220 658 2262 Hostiensis
665 2220 721 2268 iam,
731 2222 776 2261 sed
788 2222 927 2273 praesertim
938 2223 1006 2265 loan-

137 2303 178 2333 nes
189 2289 304 2336 Andreae,
316 2286 364 2329 iere
375 2287 465 2329 nullam
476 2285 630 2328 assertionem
641 2285 790 2339 protnlerint,
810 2286 868 2340 quin
877 2287 943 2330 illam
953 2301 1007 2342 pro-

136 2355 248 2399 baverint
261 2353 367 2405 textibus
380 2353 438 2394 iuris
452 2355 502 2395 tam
517 2351 622 2394 canonici
637 2363 708 2405 quam
722 2350 831 2394 Romani.

167 2411 251 2464 Altera
266 2434 336 2463 causa
352 2430 488 2474 progressus
505 2422 541 2460 est
555 2418 608 2471 ipsa
625 2418 739 2471 exipenliu
753 2418 835 2470 proris
851 2418 1005 2472 dispensatio-

136 2500 192 2530 num
202 2489 228 2532 in
240 2486 496 2541 dieslrequentiorum.
510 2484 566 2536 Quis
577 2484 651 2526 fuerit
660 2483 766 2526 influxus
779 2484 932 2526 decretalium
952 2486 1004 2529 ΒΗ.
1049 2521 1050 2524 ,

136 2554 283 2598 Pontificum
294 2554 319 2595 in
332 2553 466 2595 doctrinam
478 2555 502 2593 et
513 2551 618 2592 vicissim
632 2550 753 2592 doctrinae
764 2550 789 2592 in
803 2549 932 2595 decisiones
945 2564 1004 2606 pon-
1030 2591 1032 2593 .

112 2631 113 2635 ¹
134 2620 223 2663 tilicias
241 2631 312 2673 supra
328 2617 495 2662 indicavimus.
1047 2622 1049 2626 ’

167 2817 197 2863 (i)
214 2814 302 2853 Domini
316 2814 419 2853 Gulielmi
434 2812 533 2851 Durnndi
546 2812 661 2861 Speculum
675 2813 795 2859 inrts,„,eom
809 2811 1004 2862 Ioannisrindreoe,
1061 2806 1063 2808 ¹

139 2872 206 2911 Bdldi
218 2875 385 2918 reliquorumque
398 2874 562 2908 clarissimorum
582 2874 635 2908 iuris
647 2874 753 2916 utriusque
765 2873 869 2924 doctorum
891 2873 1004 2909 visionibus

138 2932 238 2966 haetenus
248 2931 295 2965 addi
304 2931 381 2973 solitis,
392 2931 424 2966 ed.
435 2930 460 2965 A.
470 2939 500 2964 DE
511 2929 582 2972 navo,
594 2929 736 2972 Francoiurti‚
747 2929 806 2966 1592.
835 2948 862 2953 —
883 2929 1004 2966 CtScHUL-

136 2997 171 3034 ru,
180 2997 198 3024 o.
207 2996 232 3031 a,
240 2988 257 3025 t.
268 2986 295 3030 II,
303 2997 324 3031 p.
334 2987 373 3023 144
382 2995 428 3031 sqq.
