2182 3277
431 265 432 268 ,
446 227 524 270 rapax
544 227 708 282 annuamus>
764 222 766 225 ’

318 387 319 391 Ἰ
332 351 393 386 rium.
403 367 430 374 —
439 350 457 386 2.
468 350 605 394 Dispensatio
614 341 713 390 invalide*
718 360 818 404 concessa
827 349 923 390 revocari
992 341 994 343 ’
1010 370 1013 377 »

333 407 405 450 potest
413 415 425 444 a
433 415 560 443 successore.
569 427 596 433 -
604 408 622 443 3.
632 408 761 452 Dispensans
778 409 824 454 ipse
841 410 918 453 nequit

332 471 432 500 revocare
454 464 637 508 dispensationem
659 463 729 500 valide
751 466 773 500 et
793 463 920 509 regulariter
1007 514 1009 516 Ι

335 527 463 556 concessam.
937 533 939 535 ·

255 645 329 688 Seciio
344 644 377 687 ll.
392 645 430 686 De
443 647 550 687 auctore
565 645 795 700 dispensationum
822 682 826 684 >

194 732 276 775 CAPUT
288 733 306 775 l.
318 733 353 775 De
367 724 487 795 potestate
502 732 530 774 R.
546 732 671 777 Pontificis
704 788 706 790 ‚
719 765 877 780 .....
908 751 916 789 3
945 734 989 779 238

326 809 344 845 1.
360 808 434 845 Praxis
453 809 500 844 HR.
514 808 652 847 Pontificum
669 809 720 853 ipsis
738 810 836 848 vindicat
853 811 923 854 potes-

326 865 394 901 tatem
409 863 527 908 generalem
543 865 679 908 dispensandi
693 865 714 899 in
731 863 814 911 legibus
826 868 923 911 propriis,
980 860 982 862 ’

326 921 511 964 praedecessorum
520 921 541 954 et
549 921 693 964 conciliorum,
710 939 737 945 υ
744 921 762 957 2.
773 916 840 958 etiam
845 922 868 957 in
874 924 921 967 qui-

326 977 920 1023 busdammateriisanteahahitisntindispensabilibus.

326 1052 353 1057 -
365 1033 384 1068 3.
400 1032 447 1068 RR.
461 1033 593 1068 Pontificum
606 1033 703 1077 potestas
716 1035 749 1068 est
761 1034 879 1078 exclusiva,
892 1054 920 1060 -
964 1036 966 1039 ’

326 1089 344 1124 4.
361 1098 426 1132 quam
436 1089 510 1126 tamen
521 1089 567 1123 aliis
580 1089 675 1132 delegare
686 1092 783 1134 possunt.
794 1109 823 1114 -
832 1091 851 1126 5.
864 1091 918 1126 Doc-

325 1146 384 1179 trina
406 1146 566 1183 canonistarum
590 1147 687 1190 agnoscit
710 1146 765 1184 hanc
788 1147 923 1190 potestatem
957 1157 977 1173 ι·

326 1201 458 1237 exclusivum
477 1203 499 1236 et
517 1201 666 1237 universalem.
686 1220 713 1226 -
732 1202 749 1238 6.
770 1202 826 1238 Sunt
844 1203 918 1249 tamen

324 1257 379 1302 leges
392 1257 504 1301 inquibus
518 1259 544 1294 (ie
555 1258 614 1296 lacto
627 1268 670 1293 non
683 1258 826 1302 dispensatur.

194 1340 275 1382 CAPUT
287 1340 319 1381 ΙΙ.
332 1340 367 1394 De
376 1342 497 1393 potestate
507 1340 657 1393 dispensandi
667 1341 805 1393 legatorum,
815 1331 916 1394 patriar-

311 1406 406 1450 charum
429 1410 453 1447 et
475 1406 680 1459 metropolitarum
753 1438 758 1448 .
792 1418 797 1449 ·.
830 1438 835 1451 .
868 1437 874 1451 .
906 1438 913 1452 .
943 1406 985 1450 241

331 1478 348 1513 1,
359 1474 581 1519 Potestaslegatoruni
593 1476 679 1515 alatere
685 1477 809 1511 extenditur
815 1477 920 1516 adomnia

330 1541 384 1577 quae
402 1533 427 1568 R.
447 1532 547 1567 Pontifex
566 1532 605 1567 sihi
622 1542 665 1567 non
682 1534 783 1574 reservat,
800 1533 919 1577 legatorum

328 1588 394 1627 aleco
404 1589 432 1626 ad
441 1589 588 1626 omniaaiure
597 1589 689 1632 positive
699 1590 868 1627 concessa—2.
879 1590 919 1627 Pa·
1028 1622 1029 1625 ,

326 1645 424 1682 triarchis
437 1645 553 1681 maioribus
567 1645 589 1678 et
601 1645 716 1679 minorihus
739 1644 829 1688 amplior
845 1654 919 1689 agnos·
943 1667 950 1670 —
974 1688 975 1691 Ἰ

328 1702 382 1735 citur
394 1701 497 1744 potestas,
511 1695 538 1725 —'
550 1700 568 1744 3.
576 1700 742 1747 ,Μεῖῑοροίἱῒωή
754 1702 864 1744 potestate
877 1711 919 1745 qua
997 1701 999 1703 ’

327 1758 428 1801 gaudent
438 1757 574 1800 dispensandi
590 1757 623 1791 uti
638 1758 729 1801 possunt
744 1765 793 1801 erga
809 1758 927 1802 episcopos⁴
972 1800 973 1803 Ἴ

328 1816 350 1848 et
366 1813 450 1847 clericos
467 1812 620 1857 suffraganeos,
638 1822 680 1848 non
696 1821 746 1857 erga
761 1814 860 1848 subditos
876 1814 919 1848 suf-

327 1870 482 1913 fraganeorum,
499 1869 594 1913 exceptis
609 1868 741 1913 poenalibus.

190 1954 272 1997 Cunus
284 1954 329 1996 ΙΙΙ.
342 1953 377 1996 De
402 1955 523 2006 potestate
547 1952 700 2005 dispensandi
719 1930 888 2006 episcoporum.

254 2031 295 2084 §i
308 2030 590 2084 ilntepromulgationcm
597 2029 755 2072 Decretallum
762 2020 867 2082 Gregorii
874 2028 917 2071 lX.
940 2028 984 2072 243
1041 2001 1044 2006 ⁸

331 2103 349 2136 1.
367 2101 401 2135 Ius
412 2101 567 2145 episcoporum,
579 2100 638 2143 quod
658 2098 815 2143 extraregulaie
833 2102 920 2142 uocant,
981 2138 984 2140 .

288 2174 291 2179 »
327 2157 405 2201 priores
421 2156 574 2198 Decretalistae
588 2157 719 2199 restringunt
732 2156 760 2192 ad
773 2155 919 2205 materiasip-

328 2214 355 2248 sis
371 2213 500 2255 commissas,
516 2213 641 2255 praesertim
656 2212 678 2246 in
693 2206 881 2255 poenitentialibus
897 2213 919 2246 et
967 2216 969 2218 ·
1032 2208 1036 2212 “
1070 2207 1081 2216 “

327 2270 435 2316 interdum
441 2267 573 2312 poenalibus.
581 2286 608 2292 —
614 2267 633 2303 2.
642 2268 675 2302 Ex
682 2268 803 2303 confusione
811 2268 917 2312 dispensa-

326 2326 390 2361 tionis
408 2327 430 2359 et
445 2324 593 2365 absolutionis,
611 2324 698 2367 quidam
715 2324 793 2358 docent
809 2325 917 2369 episcopos

326 2391 387 2427 posse
398 2382 526 2425 dispensare,
539 2381 621 2425 quoties
632 2380 728 2424 potestas
739 2380 790 2424 ipsis
800 2390 843 2416 non
855 2381 917 2415 dene·
982 2402 985 2405 >
1024 2385 1029 2388 ’
1064 2386 1080 2396 “

326 2439 389 2483 gatur
400 2447 412 2476 a
423 2439 474 2473 iure.
487 2456 514 2462 -
525 2437 543 2473 3.
557 2436 732 2478 Haec‘doctrina
744 2445 795 2471 mox
807 2433 914 2479 derelicta,
937 2433 942 2437 ’”
992 2441 995 2445 ’

325 2494 461 2530 nihilominus
469 2495 491 2529 in
499 2494 560 2537 praxi
569 2501 631 2536 saepe
640 2492 765 2537 applicatur.
836 2496 839 2499 “

254 2580 263 2632 ξ
275 2580 295 2621 2.
316 2579 351 2620 De
363 2580 483 2631 potestate
496 2578 658 2630 espicoporum
672 2575 822 2629 dispensandi
836 2590 849 2619 a
860 2579 919 2619 tem-

305 2644 401 2699 poribus
413 2643 572 2686 Decretalium
585 2642 688 2695 Gregorii
700 2641 735 2683 IX
789 2653 803 2684 ‚¹
828 2673 833 2684 .
865 2673 871 2684 .
903 2674 908 2685 .
939 2639 982 2684 246

319 2717 337 2750 1.
353 2714 453 2758 Episcopi
467 2714 489 2747 in
505 2712 562 2747 nullo
578 2713 669 2757 possunt
684 2713 811 2757 dispensare,
826 2712 867 2747 nisi
880 2712 914 2756 ip-

318 2772 346 2818 sis
356 2762 384 2805 sit
394 2767 460 2808 a'iure
471 2778 601 2804 concessum.
611 2788 639 2793 —
648 2769 666 2804 2.
679 2768 703 2803 In
712 2766 757 2812 lege
767 2769 854 2812 propria
873 2768 914 2819 clis-

318 2835 407 2872 pensare
419 2827 537 2870 nequeunt,
549 2826 611 2863 iuxta
625 2825 773 2860 Innocentium
788 2824 831 2865 IV;
844 2831 884 2859 nec
895 2825 930 2863 inv

317 2885 364 2928 lege
374 2882 493 2927 pontificia,
503 2883 542 2917 nisi
550 2881 647 2925 potestas
658 2883 686 2916 sit
704 2882 755 2925 ipsis
775 2888 881 2917 concessa.
892 2898 919 2906 —-

321 2940 339 2975 3.
356 2940 415 2974 Haec
428 2939 525 2982 potestas
538 2938 618 2982 acquiri
640 2937 712 2982 potest
737 2945 773 2980 per
786 2935 919 2980 implicitam

321 2996 485 3039 concessionem,
504 3013 531 3019 —
549 2995 568 3031 4.
590 2995 612 3029 et
629 3002 668 3038 per
687 2992 915 3035 consuetudinem—

257 3060 258 3063 ’
321 3051 339 3088 5.
355 3051 476 3096 agnoscitur
496 3051 519 3087 in
540 3059 590 3090 casu
614 3049 709 3094 urgentis
732 3048 867 3088 necessitatis
880 3047 915 3086 vel
