2139 3277
133 187 165 215 De
176 172 281 216 srnruro
291 185 414 217 causanti
424 184 558 216 ecciesiae
567 166 598 214 Er
605 183 725 214 peccaris
734 184 904 216 coucuronuu
916 175 957 219 197

110 312 204 353 quoque
221 300 327 353 proinde,
347 305 419 356 prout
435 302 460 346 in
478 303 578 346 materia
597 301 801 355 dispensationum
821 298 958 355 canonistae

108 366 179 408 huius
194 368 307 420 temporis
325 382 393 422 saepe
408 368 507 416 iaciunt,
525 383 554 411 ex
569 369 632 412 iacto
650 368 679 411 R.
696 367 822 411 Pontificis
835 364 956 408 concludit

109 433 139 475 ad
156 433 206 475 eius
222 433 265 483 ins,
285 434 445 478 nonobstante
464 435 572 478 doctrina
589 435 708 486 contraria
726 434 915 476 Decretistarurn
933 431 957 471 et

53 517 55 520 ·
107 498 212 552 priorum
230 499 448 550 Decretalistarum,
467 501 507 555 qui
525 502 629 545 retinent
646 501 761 555 principia
779 501 807 542 de
819 497 958 543 immutabi-

45 587 47 589 >
107 565 176 607 litate
193 566 269 619 legum
288 580 301 608 a
319 567 433 611 Gratiano
445 568 515 610 modo
527 571 565 610 sat
575 568 650 620 rigido
668 579 785 626 expressa.
804 566 954 608 Hosrmusrs

107 631 184 674 adhuc
196 632 321 686 distinguit
331 634 368 676 ius
379 634 509 687 positivum
520 637 616 677 tanturn
628 636 651 675 et
664 636 782 676 statutum
793 633 901 685 generale
912 631 956 671 Eo-

90 722 91 728 =
107 698 190 740 etesiae
202 697 235 751 (1)
246 711 251 745 ;
265 699 434 741 Innocentius
446 700 479 742 lV
491 700 626 742 dubitative
637 699 745 753 loquitur
755 698 896 740 estonuues
906 697 955 740 AN-

104 774 189 805 DREAE
200 764 260 807 hanc
273 758 451 809 distinctionem
468 765 592 824 definitive
606 766 675 807 reicit
687 764 727 819 (2).
998 757 1000 759 ¹

136 830 157 872 2.
175 830 382 891 Dispensationem
395 831 419 873 in
433 831 518 886 lapibus
530 844 543 873 a
553 831 671 886 prioribus
688 828 832 885 peneinlibus
849 829 955 870 conciliis

106 896 202 938 statutis
213 897 265 939 lieri
279 911 347 952 posse
360 901 447 951 negant
460 900 545 952 plures,
560 902 587 941 ut
600 910 671 952 supra
686 898 788 940 diximus
800 895 841 950 (3),
857 896 887 940 ob
900 898 954 937 tex-

104 966 157 1006 tum
173 977 187 1006 a
202 963 315 1009 Gratiano
332 965 431 1008 allatum
446 978 475 1007 ex
490 965 599 1018 Gregorio
616 966 698 1019 Papa3
714 965 752 1006 hic
767 964 829 1006 enim
846 964 955 1008 dixerat:

86 1027 113 1067 ’1
125 1042 148 1071 se
167 1033 269 1084 quatuor
286 1031 327 1073 illa
347 1032 445 1073 concilia
463 1032 581 1086 suscipere
600 1035 624 1072 et
641 1031 749 1074 venerari
768 1031 830 1072 sicut
849 1032 954 1083 quatuor

64 1128 66 1133 .
105 1095 178 1137 libros
191 1090 320 1149 Evangelii,
334 1100 358 1138 et
371 1097 469 1151 proinde
482 1096 526 1138 sibi
539 1110 586 1141 non
599 1097 668 1138 licere
680 1096 716 1138 his
729 1097 861 1150 praeceptis
873 1098 955 1148 tange-

105 1174 129 1203 re
139 1177 147 1199 1
159 1160 201 1215 (4).
218 1162 262 1204 Sed
277 1164 326 1204 iarn
342 1163 493 1205 TANcREDus
505 1163 546 1216 (5),
564 1166 588 1205 et
605 1163 716 1204 Ioannes
731 1174 763 1202 DE
779 1162 834 1203 Duo
847 1160 888 1214 (6),
904 1164 956 1203 tex-

104 1231 156 1270 tum
167 1241 236 1273 sensu
245 1229 355 1282 mitigato
367 1231 493 1282 explicant,
504 1231 540 1272 ita
550 1242 634 1283 nempe
644 1233 672 1271 ut
681 1229 739 1272 haec
750 1230 844 1271 decreta
854 1230 952 1272 eatenus

104 1295 263 1338 immutabilia
277 1289 377 1339 dicenda
390 1296 445 1346 sint,
456 1299 575 1350 quatenus
588 1309 633 1338 non
647 1292 740 1349 possint
752 1294 846 1348 penitus
861 1293 954 1347 auferri,

105 1361 201 1403 minime
214 1374 269 1404 Vero
285 1365 402 1416 quatenus
418 1363 442 1403 in
456 1373 511 1403 casu
524 1361 665 1415 particulari
677 1362 778 1404 relaxari
792 1373 839 1404 non
854 1361 953 1414 possint.

105 1428 255 1469 Hosrreusrs
275 1429 468 1471 controuersiam
481 1429 578 1477 dirimit,
599 1429 765 1482 distinguendo
786 1429 888 1476 decreta,
910 1426 959 1469 alia

106 1506 167 1548 quae
183 1494 255 1536 iidem
272 1497 390 1548 spectant,
409 1495 454 1537 alia
472 1508 532 1549 quae
550 1495 715 1549 disciplinam:
734 1495 819 1548 priora,
838 1506 954 1554 quaear-

103 1561 189 1602 ticulos
205 1561 261 1603 fidei
278 1562 409 1609 continent,
428 1561 535 1604 absolute
552 1564 608 1604 sunt
623 1560 834 1614 indispensabilia;
852 1560 955 1614 discipli-

105 1627 171 1670 naria
183 1630 262 1670 autem
274 1628 369 1670 decreta
380 1640 406 1669 eo
417 1628 468 1681 ipso
480 1629 544 1682 quod
556 1628 707 1671 'constituunt
717 1628 753 1669 ius
765 1627 898 1681 positivum
909 1639 950 1667 seu

62 1718 64 1721 v
104 1694 242 1742 humanum,
260 1696 288 1736 ut
306 1694 370 1743 elicit,
389 1693 557 1747 dispensabilis
573 1697 629 1737 sunt
646 1695 731 1737 saltem
748 1707 763 1735 a·
778 1693 807 1734 R.
825 1691 953 1737 Pontifice.

98 1887 187 1922 reduxit
196 1887 376 1932 impedimentum
386 1888 582 1932 consanguinitatis
592 1897 605 1924 a
614 1887 659 1923 VII
668 1889 696 1923 ad
708 1887 737 1923 ΙΙΙ
746 1888 844 1931 gradum.
856 1906 883 1912 »-
893 1888 952 1924 Nota

98 1943 170 1988 plures
183 1954 224 1978 non
235 1952 298 1988 agere
311 1946 337 1979 de
349 1945 432 1981 statuto
445 1944 554 1981 Ecclesiae
566 1945 666 1989 generali,
679 1945 715 1979 s'ed
728 1945 753 1979 de
764 1945 810 1988 lege
830 1945 859 1980 ad
871 1945 954 1979 statum

99 1999 219 2045 generalem
236 2001 346 2035 Ecclesiae
363 2001 491 2045 pertinente.
511 2000 577 2036 Nulla
593 2001 668 2037 tanien
698 2001 807 2035 distinctio
826 2001 883 2036 inter
900 2001 954 2037 haec

53 2074 54 2078 =
101 2058 142 2091 duo
151 2056 228 2091 ruisset
236 2059 345 2101 ponenda,
359 2057 384 2092 ut
396 2057 459 2100 patet
472 2056 506 2093 vel
520 2066 583 2100 exeo
597 2058 656 2101 quod
669 2057 779 2101 utrinque,
793 2058 819 2091 ut
829 2056 953 2101 exemplum

98 2114 189 2148 tradant
201 2114 309 2147 statutum
322 2114 348 2148 de
359 2114 483 2148 intersticiis
496 2114 613 2149 servandis
635 2132 663 2138 -«
685 2113 759 2148 Etiam
770 2114 792 2148 in
805 2114 837 2148 his
849 2114 948 2148 textibus

100 2170 232 2214 dispensatio
244 2177 307 2213 saepe
317 2171 411 2204 sumitur
420 2170 441 2205 111
452 2178 515 2205 sensu
525 2170 598 2205 latiori
608 2178 646 2214 pro
657 2170 709 2213 legis
719 2170 848 2216 mutatione.

127 2225 157 2269 (1)
173 2225 268 2267 Lectum,
279 2225 306 2268 gl.
317 2226 346 2261 ad
356 2236 376 2261 v.
388 2227 477 2269 eumad,
489 2235 506 2261 c.
518 2227 537 2268 6,
549 2226 577 2268 Χ,
590 2225 620 2260 De
630 2227 689 2260 statu
699 2226 853 2267 monachorum,
867 2224 907 2267 III,
919 2226 951 2261 35.

127 2281 157 2325 (2)
174 2281 249 2317 luuoc.
263 2281 299 2324 IV,
312 2282 489 2317 commentarium
498 2284 527 2318 ad
536 2281 576 2317 loc.
588 2283 632 2324 cit,
644 2283 665 2317 et
675 2283 704 2317 ad
714 2291 731 2317 o.
743 2281 762 2323 2,
773 2282 801 2317 X.
814 2282 844 2316 De
856 2281 951 2324 biponiis,

102 2337 119 2380 Ι,
132 2337 172 2371 21:
186 2351 194 2368 1
204 2338 232 2373 Ε1
244 2329 296 2381 sorte
309 2348 352 2373 non
367 2339 507 2383 dispensabat
518 2339 540 2373 in
554 2338 586 2373 his
599 2347 655 2382 quae
668 2339 778 2382 pertinent
791 2338 819 2373 ad
831 2337 952 2382 generalem

99 2394 182 2429 statum
198 2393 306 2429 Ecclesiae
315 2408 329 2431 1,
340 2394 446 2429 Υ1011111115
454 2395 573 2437 Auentina,
582 2395 671 2429 Novella
680 2393 864 2438 commentariagl,
873 2395 900 2428 ad
908 2394 927 2429 li.
939 2394 951 2429 l.

127 2450 157 2495 (3)
174 2450 204 2486 Cf.
217 2459 289 2494 supra,
302 2457 322 2495 p.
336 2450 381 2487 133.

127 2506 159 2550 (i)
173 2515 190 2541 c.
202 2507 220 2548 2,
232 2506 258 2543 D.
270 2506 318 2543 XV.
636 2543 637 2546 Ἴ

127 2562 158 2606 (5)
175 2561 206 2598 Gl.
220 2562 248 2597 ad
260 2572 281 2598 v.
296 2562 408 2598 abdicatio„
423 2563 472 2605 1,,2,
488 2563 561 2607 Comp.
578 2562 618 2605 ΙΙΙ,
634 2562 675 2605 ΙΙΙ,
690 2562 722 2598 27.
736 2575 743 2593 1
754 2561 810 2596 Item
823 2570 863 2597 nec
876 2562 952 2597 contra

98 2618 193 2662 quatuor
205 2619 317 2655 concilia...
343 2619 401 2663 quod
413 2629 456 2653 non
470 2620 502 2653 est
515 2618 670 2663 usquequaque
683 2627 765 2659 verum,
778 2619 882 2662 quoniam
895 2628 951 2664 papa

99 2675 209 2720 dispensat
221 2676 296 2712 contra
307 2675 437 2719 apostolum,
484 2676 505 2709 et
517 2676 582 2710 etiam
594 2677 670 2710 contra
681 2676 750 2719 multa
761 2675 846 2710 statuta
858 2676 952 2719 quatuor

46 2742 49 2747 ·
99 2732 236 2767 conciliorum
253 2731 375 2776 dispensare
390 2733 470 2776 potest,
486 2733 586 2775 quamvis
600 2732 648 2776 ipsa
664 2732 693 2766 IV
708 2731 797 2766 concilia
812 2741 856 2766 non
870 2732 952 2766 audeat

97 2789 212 2832 reprobare
222 2801 236 2825 1,
249 2796 288 2823 ms.
301 2787 339 2823 cit.
351 2787 400 2823 Vat.
413 2788 450 2823 lati
463 2798 483 2823 n.
498 2788 558 2829 1377,
570 2786 605 2823 iol.
619 2788 665 2823 191.

128 2843 158 2896 (6)
173 2843 234 2887 Liber
245 2844 434 2898 dispensationum,
445 2853 484 2879 ms.
496 2845 532 2880 cit.
543 2844 598 2893 Bibl.
609 2844 678 2892 Bonn.
690 2853 710 2880 n.
723 2842 769 2886 792,
779 2842 817 2879 iol.
829 2843 870 2891 421,
