2139 3277
328 173 421 204 11111111
431 173 529 204 sonores
537 165 754 204 orerNsarronunr
931 155 974 199 109

120 280 305 335 «enormitatem
318 293 431 335 personae
444 284 467 322 et
479 280 519 330 rei,
533 281 658 335 perniciem
671 278 779 333 exempli,
792 277 888 321 honoris
901 274 976 319 ambi-

121 349 218 398 tionem,
235 347 325 403 peccati
340 346 549 397 continuationem,
566 348 674 390 ecclesiae
690 346 833 395 scandalum,
851 343 975 388 canonicae

122 414 259 469 disciplinae
279 414 397 468 rigorem»
408 412 449 467 (t).
472 413 523 455 Hae
543 413 677 468 impediunt
698 411 905 467 dispensationem,
928 423 974 453 non
1000 435 1003 439 «

121 486 203 525 tamen
214 480 328 529 absolute,
340 481 381 522 sed
392 482 509 534 quatenus
520 493 566 523 non
578 480 643 522 adsit
651 490 735 533 urgens
747 479 865 521 Ecclesiae
876 476 976 521 necessi-

121 552 160 591 tas
176 548 214 590 vel
227 546 327 589 utilitas.
344 545 552 589 Enumerationem
566 547 628 588 hane
643 545 768 595 concludit,
785 559 832 588 non
848 545 971 598 allegando

66 603 68 605 ’
118 613 264 669 principium
277 606 390 666 generale,
407 626 452 667 quo
467 612 572 666 dignosci
586 613 662 667 possit
676 612 803 655 enormitas
817 611 850 653 rei
863 612 907 654 -vel
920 623 972 666 per-

68 715 69 718 ,
121 694 200 730 sonae,
215 682 255 722 sed
267 680 388 722 scribendo
401 694 405 720 :
419 680 503 721 1111111111
515 680 592 721 adhuc
605 679 666 721 iorte
679 679 723 721 alia
736 682 832 732 possent
844 677 970 726 inveniri»,

121 747 202 802 potius
214 746 296 790 morali
309 745 469 789 aestimationi
482 735 607 799 superioris
619 746 754 799 relinquens
771 748 799 786 ut
819 744 932 786 diiudicet
946 744 970 787 in

121 813 219 867 singulis
229 813 329 856 casibus.
341 812 386 854 Hic
396 813 479 855 modus
489 812 631 866 procedendi
641 811 729 866 optime
738 811 880 864 intelligitur
889 823 918 851 ex
927 810 973 851 De-

121 878 272 923 cretistarum
286 880 455 934 methodo,qua
467 878 566 921 iuridica
580 882 719 932 argumenta
732 880 851 932 quaerunt
863 877 887 920 in
902 875 976 918 texti-

121 948 167 989 bus
182 947 295 1000 legalibus
310 958 357 989 non
373 946 526 989 ascendentes
541 946 571 988 ad
587 945 703 1000 principia
718 944 866 998 generalia-a
881 943 974 986 ratione

122 1013 228 1070 dictata„
355 1014 356 1017 ’
856 1003 859 1007 ’

152 1073 265 1122 Doctrina
280 1078 377 1127 sicardi,
398 1077 556 1122 verisimiliter
578 1080 607 1121 ob
630 1079 678 1121 eius
702 1077 880 1133 systematicam
903 1090 975 1132 expo-

122 1145 233 1189 sitionem
248 1144 382 1199 a'pluribus
396 1145 478 1199 glossis
494 1145 618 1199 anonymis
630 1145 693 1199 (2)‚a
707 1145 777 1186 Petro
791 1143 896 1187 Blesensi
911 1148 934 1185 et
949 1143 974 1187 in

123 1214 220 1257 Summa
237 1212 351 1267 Lipsiensi
368 1211 501 1255 resumitur.
520 1206 721 1256 Commentatores
738 1211 878 1265 posteriores
895 1214 975 1254 autem

122 1279 262 1335 praesertim
275 1278 300 1321 in
314 1292 339 1320 eo
353 1281 478 1321 versantur
490 1281 519 1319 ut
533 1278 690 1322 determinent
703 1290 786 1320 causas
799 1291 859 1333 quae
872 1276 976 1332 prohibi-

121 1345 218 1395 tionem,
226 1348 385 1400 praeceptum,
393 1344 614 1399 velpermissionem
622 1344 802 1399 dispensationis
808 1345 923 1388 inducant
934 1343 975 1397 (3).

154 1412 176 1455 3.
195 1413 305 1453 IoANNEs
318 1410 446 1453 Hispanus
458 1414 538 1468 tamen
550 1412 626 1466 plura,
640 1410 803 1466 explicationis
816 1424 893 1460 causa,
907 1410 975 1453 addit

124 1491 184 1534 quae
200 1478 322 1532 Huguceio
338 1490 379 1531 pro
396 1489 460 1521 more
475 1491 515 1519 suo
531 1477 639 1522 intimius
654 1478 823 1532 perscrutatur.
840 1477 878 1520 Ex
893 1488 973 1519 eorum

122 1547 192 1590 modo
210 1544 327 1600 loquendi,
346 1544 511 1599 quoinnuunt
528 1544 606 1587 varias
624 1544 744 1600 opiniones
759 1545 821 1588 inter
839 1558 863 1587 se
881 1548 975 1588 contra-

122 1612 170 1655 rias
181 1616 238 1655 tunc
249 1610 362 1666 temporis
375 1624 424 1654 esse
435 1613 552 1665 vulgatas,
564 1611 613 1655 iam
626 1615 723 1667 apparet
736 1615 882 1667 quantopere
894 1610 975 1656 conati

122 1678 171 1735 sint
191 1682 297 1721 auctores
319 1677 435 1720 elucidare
456 1678 589 1735 doctrinam
610 1678 746 1721 canonicam
760 1678 972 1732 dispensationum.

122 1744 171 1787 Nec
183 1744 275 1794 mirum,
288 1756 432 1788 namearum
439 1744 557 1798 legitimus
564 1736 622 1787 usus
633 1745 748 1787 Ecclesiae
756 1739 859 1789 multum
865 1744 985 1800 prodesse

121 1814 216 1866 poterat
226 1825 231 1859 3
242 1825 253 1853 e
263 1810 419 1854 contrariam
430 1811 518 1866 aperire
528 1814 624 1866 poterat
631 1812 742 1866 gravibus
751 1810 820 1867 malis
830 1822 909 1854 earum
917 1823 974 1853 usus

110 1890 170 1931 vnon
182 1877 227 1920 rite
239 1877 437 1932 circumscriptus

153 1944 295 1999 Cuicumque
308 1947 417 1986 accurate
428 1944 564 1999 inspicienti
575 1948 656 1988 textus
670 1944 763 1988 Ioannis
776 1943 877 2000 Hispani
888 1948 912 1987 et
925 1944 975 1987 Hu-

120 2010 240 2065 guccionis
254 2014 328 2065 patet,
342 2009 452 2054 intimam
464 2011 608 2054 intercedere
623 2008 791 2056 connexionem
804 2012 867 2054 inter
880 2015 972 2054 utrum-

122 2090 175 2132 que.
189 2077 222 2119 Ne
234 2080 314 2120 tamen
324 2076 378 2120 inde
391 2077 544 2120 concludatur
557 2076 734 2131 Huguccionem
745 2078 833 2125 directe
844 2079 944 2132 pendere
958 2091 972 2121 a

120 2145 217 2188 Summa
230 2143 330 2193 loannis,
344 2156 400 2187 nam
412 2140 561 2199 quaestiones
571 2144 727 2188 subsidiariae
747 2145 808 2188 circa
820 2145 976 2200 dispensatio-

120 2224 161 2254 nes
169 2210 216 2253 iam
225 2224 238 2253 a
246 2210 361 2264 plerisque
369 2210 394 2253 in
402 2210 487 2253 scholis
495 2211 653 2254 movebantur
664 2226 669 2261 ;
677 2211 772 2265 insuper
781 2211 810 2254 ab
820 2212 973 2265 Huguccione

119 2280 270 2330 exponuntur
284 2278 353 2319 modo
369 2276 482 2331 originali,
498 2278 637 2331 praesertim
651 2279 680 2320 ob
694 2279 743 2321 eius
757 2278 869 2333 peritiam
881 2278 906 2322 in
919 2278 969 2320 iure

121 2342 238 2386 Romane.
504 2362 505 2365 ¹

149 2410 171 2452 4.
189 2409 276 2453 Glossis
285 2412 490 2464 praedecessorum
502 2411 635 2454 Hucuccro
643 2412 690 2454 tria
703 2412 777 2455 addit.

151 2476 268 2531 Imprimis
284 2476 369 2520 clarius
385 2478 527 2521 determinat
543 2472 591 2532 qua
603 2479 682 2538 rapula
697 2477 820 2521 diiudicari
836 2477 918 2533 possit,
928 2476 975 2522 dis·

150 2667 182 2719 (1)
198 2666 264 2709 1111.

150 2730 180 2774 (2)
196 2730 226 2765 Gt.
240 2728 333 2772 Α,Κ.Κ.,
347 2729 363 2766 t.
378 2727 410 2773 69,
423 2736 444 2774 p,
457 2728 511 2771 361;
536 2730 618 2774 glossae
630 2728 754 2774 marginales
773 2729 794 2767 in
814 2732 901 2768 Summa
914 2730 973 2769 colo*

122 2787 198 2828 aiensi,
213 2795 251 2822 ms.
267 2787 302 2823 cit.
317 2785 353 2822 iol.
369 2786 394 2820 33
409 2788 431 2821 et
445 2786 470 2821 34
479 2797 484 2829 ς
501 2788 552 2823 etin
559 2788 646 2822 Summo
661 2788 788 2831 ndonocensz',
803 2797 842 2825 ms.
854 2790 888 2826 cit.
903 2788 972 2827 forat

124 2844 146 2877 et
153 2843 175 2878 111
184 2851 232 2878 mss.
242 2842 291 2878 bibl.
301 2844 345 2878 nat.
356 2842 421 2879 Paris.
430 2842 467 2879 lat.
477 2853 497 2878 n.
507 2843 804 2888 3901,1ο1801,113905,101.
814 2845 857 2883 mr.
876 2838 878 2846 ’

149 2898 178 2943 (3)
194 2898 224 2935 Ci.
237 2900 325 2935 Summa
335 2899 459 2944 Lipsiensis,
471 2908 510 2936 ms.
522 2900 557 2936 cit.
570 2899 606 2937 tol.
619 2901 675 2938 102V.
