2182 3277
110 168 154 213 230
275 182 308 211 DE
318 181 553 213 nrsrsnsnrroorrraus
567 182 633 212 1111
644 177 842 212 Drcnnrnnrsrns
891 208 894 210 ,

142 289 164 332 3
179 287 281 332 Multum
303 300 398 347 quoque
420 288 534 333 insistunt
556 288 581 331 in
602 289 648 331 hoc
671 286 757 330 ellectu
781 285 962 340 dispensationis
1005 328 1007 330 ,
1068 308 1076 322 τ

85 395 87 397 ,
110 355 193 412 quod
187 367 211 399 rn
226 367 281 397 casu
294 354 432 408 particulari
445 355 491 398 irat
504 354 615 397 relaxa
604 354 696 408 olepis
709 353 821 407 poenalis
847 365 894 407 qua
907 352 965 407 qurs'

112 421 221 466 absolute
236 424 291 463 etr
275 420 461 475 independenter
478 421 507 464 ab
525 421 674 465 absolutione
693 420 781 474 culpae
799 419 962 473 prohiberetur

110 490 259 532 sacramenta
269 488 385 541 suscipere
393 487 433 530 vel
442 488 534 532 ordines
544 490 666 545 susceptos
675 482 787 532 exercere.
798 486 848 528 Nec
857 486 942 529 mirum
953 500 958 534 ;

110 554 197 597 etenim
214 554 239 595 in
257 554 357 597 materia
369 554 578 607 ,dispensationum
602 555 641 595 ille
660 555 710 595 erat
728 551 827 595 11111111
846 552 886 607 qui
904 564 961 606 prae

109 619 206 664 caeteris
217 619 246 662 ob
257 619 418 675 frequentiam
425 620 561 664 huiusmodi
570 619 771 673 dispensationum
784 632 828 661 usu
842 617 960 668 veniebat,

110 700 136 737 eo
152 686 215 741 quod
232 685 336 729 Ecclesia
351 686 413 729 illius
428 687 540 741 temporis
556 686 698 740 multiplices
723 685 859 729 huiusmodi
874 685 962 739 irregu-
998 692 1001 693 ’

108 753 214 796 latitates
226 754 352 795 statuerat.
364 753 433 796 Acris
444 756 525 797 tamen
535 753 634 806 vigebat
646 753 707 794 inter
720 752 854 795 canonistas
867 755 959 794 contro-

107 820 186 864 uersia
199 819 260 861 circa
271 819 495 863 determinationem
510 831 588 861 eorum
603 819 734 867 criminum,
758 831 819 872 quae
832 816 963 871 irregulari-
1015 842 1018 846 »
1075 805 1080 859 ³:

108 889 185 930 tatem
200 886 338 928 inducerent
349 885 382 939 (1)
394 898 398 925 :
412 885 513 938 vquidam
530 886 592 927 eninr
609 884 770 933 affirmabant,
788 884 839 926 aliis
855 885 962 938 neganti-

108 952 161 1000 bus,
174 963 242 994 onnre
253 954 377 1004 peccatum
388 952 488 995 mortale
499 954 553 1003 post
567 950 714 1003 baptismum
733 950 883 993 commissum
903 951 963 992 irre-

107 1013 260 1072 gularitatem
272 1016 389 1061 inducere.
401 1016 435 1071 (2)
448 1016 517 1059 Unde
541 1030 636 1071 quoque
647 1013 788 1069 intelligitur
801 1028 841 1059 cur
866 1017 959 1059 Duran-

108 1085 141 1135 tis
153 1083 308 1126 tractatulurn
323 1084 351 1125 de
363 1082 576 1136 irregularitatibus
588 1082 720 1126 inrubrica
734 1083 762 1124 de
777 1083 962 1136 dispensationi-

111 1151 157 1193 bus
172 1150 303 1194 inseruerit.
333 1206 335 1209 v

120 1241 123 1245 ·
141 1216 256 1272 Curnhoc
270 1216 452 1269 dispensationis
466 1214 553 1257 11111111
568 1216 678 1258 cohaeret
692 1215 776 1257 divisio
789 1215 830 1258 illa
844 1229 914 1270 supra
927 1229 962 1258 re-

108 1285 165 1331 lata,
178 1295 225 1336 qua
238 1277 426 1334 dispensationes
438 1281 617 1334 distinguebant
631 1282 688 1323 alias
698 1292 804 1334 magnas,
818 1282 875 1323 alias
886 1283 962 1325 maxi-

108 1362 167 1398 mas,
179 1348 318 1401 semiplenas
329 1348 388 1390 alias
399 1348 503 1402 aliasque
513 1348 601 1401 plenas.
614 1348 654 1390 Ita
665 1347 725 1390 enirn
737 1347 924 1401 dispensationes
934 1350 959 1393 in

105 1415 279 1468 irregularitate
291 1414 440 1456 vocabantur
453 1415 581 1457 secundum
595 1414 659 1467 quod
672 1414 830 1466 irregularitas
842 1415 962 1458 111111111-
1005 1425 1006 1428 ’

108 1486 149 1524 tur
156 1482 239 1523 mtoto
248 1494 288 1523 seu
296 1482 375 1535 quoa(
390 1493 470 1524 nnes
478 1480 537 1522 ordi
530 1493 577 1529 res
591 1481 630 1522 vel
642 1482 743 1524 tanturn
754 1492 796 1533 pro
815 1479 957 1535 quibusdam

109 1547 237 1595 ordinibus,
248 1560 272 1589 v
274 1557 296 1600 g
308 1559 350 1600 pro
363 1547 502 1592 minoribus

265 1690 275 1741 §
288 1689 309 1731 2.
323 1711 353 1719 ——
369 1687 403 1729 De
418 1690 602 1743 interpretatione
616 1689 812 1743 dispensationum

139 1807 201 1849 Huic
216 1793 349 1861 quaestioni
365 1807 426 1850 circa
442 1807 539 1850 eftectus
556 1809 759 1862 dispensationum
775 1809 848 1863 logice
864 1809 962 1853 subiun-

105 1877 166 1927 gunt
183 1872 352 1915 Decretalistae
369 1874 460 1926 regulas
478 1874 506 1916 de
523 1876 658 1918 earumdem
674 1876 878 1929 interpretatione.
896 1877 961 1927 Quae

107 1939 208 1983 materia
222 1939 278 1981 abo
281 1939 376 1982 mnibus
389 1940 441 1982 tuse
454 1943 579 1990 tractatur,
594 1941 715 1995 praescitis
715 1955 732 1983 n
708 1943 769 1987 rin
783 1944 957 1987 commentariis

109 2008 139 2049 ad
155 2006 253 2048 titulum
271 2005 951 2062 Β111111111111ι11111111111]111111]111111111(3)’

134 2152 165 2198 (1)
181 2153 555 2196 (11.(111111111811111111111111.
569 2156 600 2190 De
614 2158 674 2200 temp.
687 2156 752 2194 ordin.
775 2176 802 2182 ἡ
818 2158 961 2201 Hosrrnnsrs,

110 2211 203 2252 Summa,
214 2211 237 2246 L.
250 2209 290 2246 ΙΙΙ.
302 2210 370 2246 Rubr.
382 2210 413 2244 De
422 2210 620 2255 dispensationibus,
635 2213 673 2254 93.
685 2231 711 2237 -
721 2214 843 2257 DURANTIS‚
858 2215 870 2251 l.
882 2224 905 2256 1.,
919 2215 959 2257 91.

136 2266 168 2310 (2)
182 2267 236 2302 Erat
246 2266 317 2311 opinio
330 2266 494 2310 Hoeenerorus,
507 2276 561 2311 quae
572 2270 690 2312 generatim
700 2260 774 2305 tamen
785 2279 798 2306 a
808 2271 960 2314 posterioribus

108 2323 224 2367 reprobata
236 2324 275 2358 est.
290 2322 319 2358 Cf.
334 2322 474 2365 Gerasenos,
487 2324 580 2367 summa,
593 2326 626 2360 tit.
641 2326 673 2359 De
685 2326 744 2370 temp.
757 2326 823 2363 ordin.
837 2327 960 2371 «Huguccio

109 2389 158 2414 curn
175 2388 211 2414 suo
228 2380 303 2424 rigore,
319 2375 421 2424 opinatur
436 2381 494 2424 qued
510 2382 546 2424 qui
562 2381 625 2415 semel
641 2382 691 2426 post
705 2383 837 2427 baptismum
855 2384 961 2418 commisit

107 2436 221 2480 peccatum
235 2435 325 2471 mortale
340 2445 383 2470 non
396 2436 469 2480 potest
483 2437 574 2481 amplius
588 2433 716 2482 promoveri,
731 2440 765 2474 vel
779 2441 841 2487 actus
855 2440 960 2484 legitimos

108 2500 227 2527 exercere».
244 2491 394 2528 Controversia
408 2501 446 2536 pro
461 2494 523 2537 parte
537 2493 613 2529 linitur
619 2503 658 2538 per
674 2496 800 2530 decretalem
816 2496 910 2540 Gregorii
929 2495 960 2531 IX

109 2558 126 2584 e;
139 2547 171 2595 17,
184 2548 211 2584 X.
225 2547 240 2592 I,
252 2548 284 2584 17,
296 2567 324 2572 *
334 2549 474 2592 Tanosanus,
486 2550 513 2593 gl.
525 2552 552 2585 acl
562 2561 583 2586 v.
594 2551 665 2585 ordine
676 2554 775 2597 suscepto,
798 2562 814 2588 c.
828 2553 846 2594 5,
859 2554 930 2596 Comp.
944 2552 960 2595 Ι,

110 2604 126 2650 1,
138 2604 157 2639 6.
169 2616 177 2636 a
187 2604 221 2639 Ad
230 2605 270 2639 boc
281 2605 356 2639 dieunt
366 2605 453 2649 quidam
464 2607 547 2650 quodsi
558 2606 683 2642 criminosus
692 2610 803 2652 promotus
813 2619 856 2644 non
866 2610 904 2651 est,
915 2609 960 2643 nul-

108 2661 128 2695 lo
143 2669 176 2696 mo
181 2661 206 2695 do
216 2661 339 2705 promoveri
350 2661 435 2697 debet„
447 2663 505 2705 quod
516 2663 566 2698 mihi
576 2656 641 2708 grave
651 2665 743 2707 ridetur,
754 2666 812 2709 qnod
822 2674 876 2709 pene
886 2666 960 2700 eontra

110 2717 212 2753 naturam
221 2718 259 2760 est
269 2718 294 2752 11
302 2718 319 2752 si
331 2716 461 2761 aliquis'sine
469 2720 556 2762 peccato
565 2720 696 2763 inveniatur,
706 2722 727 2755 et
734 2722 780 2757 ideo
791 2723 852 2756 credo
863 2722 959 2756 eamdem

108 2773 269 2808 distinctionem
279 2774 401 2810 hahendam
414 2774 469 2809 circa
478 2777 636 2819 promerendos
648 2786 702 2822 quae
713 2779 805 2813 babetur
816 2785 866 2821 erga
876 2786 959 2822 promo-

107 2830 148 2864 tos
159 2829 248 2866 Facilius
256 2829 447 2875 tarnenrepellitur
454 2832 584 2868 ordinandus
592 2842 658 2877 quarn
667 2834 773 2870 deicitur·
767 2843 810 2875 rain
824 2834 935 2888 promotus
944 2846 957 2870 n

107 2887 146 2923 nis.
156 2885 191 2920 cit.
200 2886 248 2923 Vat.
256 2885 293 2923 lat
303 2886 476 2930 n.1377‚r01.11

135 2940 155 2985 (3
158 2940 166 2989 l
181 2940 212 2978 Cf
220 2942 285 3001 etiam
293 2943 474 2991 Burrenum,
450 2953 466 2981 e
484 2941 575 2993 1.1.,92,
