2182 3277
68 251 69 254 Ἴ
128 195 157 241 26
254 209 288 242 DE
299 205 530 242 DISPENSATIONIBUS
542 208 621 246 USQUE
634 210 666 242 AD
680 210 808 244 SAEGULUM
822 213 848 245 IX

129 313 212 360 Marce
222 315 309 370 probat
320 306 414 358 Esmein
426 314 465 368 (1).
472 314 542 359 -Haec
553 315 661 359 doctrina
672 315 767 358 omnino
778 317 874 359 reicitur
884 331 898 360 a
909 316 983 370 Stieg-

130 382 169 431 ler,
182 387 206 425 et
216 386 279 424 reete
291 382 387 436 quidem
399 381 439 435 (2).

159 447 259 490 Proinde
273 448 359 490 falsum
375 444 423 502 eSse
439 451 603 492 contendimus
617 461 663 491 non
677 449 749 503 juisse
765 461 878 491 concessus
893 449 985 503 dispen-

128 514 227 555 sationes
241 513 270 554 ud
281 513 473 566 jaciendumseu
487 518 514 557 ut
527 516 585 568 quid
598 515 662 558 licite
675 516 744 558 tieret
757 520 839 559 contra
852 517 934 569 legem,
948 516 986 557 sed

130 581 218 621 tontum
228 592 254 621 err
261 581 371 634 postseu
381 581 466 634 quibus
476 585 543 624 actus
552 584 634 623 contra
643 582 717 635 legem
722 583 798 635 ,positi
806 596 853 625 non
862 583 986 635 impugna-

126 649 214 696 rentur,
237 648 347 700 quamvis
367 648 451 701 utique
473 648 628 690 admittamus
649 649 772 702 plerasque
794 649 981 702 dispensationes

128 713 157 755 ad
170 712 307 756 laciendum
319 713 391 756 fuisse
406 727 525 756 concessas
540 714 660 756 occasione
673 713 732 756 iacti
745 717 867 766 praeteriti
879 715 919 768 (3).
934 714 981 757 No-

127 783 193 821 tetur
206 781 243 821 hic
258 781 295 833 agi
309 781 337 822 de
351 781 524 833 dispensatione
538 792 606 822 sensu
619 781 701 822 stricto
716 783 739 822 et
751 781 849 822 iuridieo
863 782 983 830 hodierno,

128 849 245 899 quatenns
259 859 344 899 nempe
357 847 497 905 intelligitur
509 847 624 889 relaxatio
638 847 694 899 legis
706 847 731 888 in
745 859 800 888 casu
814 848 958 899 particulari.

152 911 178 954 ‘2.
190 913 296 955 Primum
308 916 331 954 et
342 914 473 955 maximum
482 915 649 966 argumentum
661 912 733 954 thesis
744 916 838 955 nostrae
849 914 979 956 desumitur

92 1019 94 1022 ,
127 991 153 1020 en
168 978 221 1032 ipso
234 979 304 1032 pinxi
318 981 421 1031 priorum
437 979 590 1026 saeculorum,
607 990 666 1031 quae
682 978 778 1020 exhibet
793 980 861 1032 plura
875 980 982 1032 exempla

126 1049 235 1087 concreta
256 1045 459 1096 dispensationum
479 1046 508 1094 ad
526 1045 669 1087 faciendum.
689 1043 830 1097 Recolamus
850 1046 982 1098 quaedam:

127 1111 148 1153 S.
161 1110 308 1159 Ambrosius,
333 1115 439 1163 tempore
464 1123 508 1163 quo
521 1111 597 1153 adhuc
609 1113 659 1152 erat
670 1110 853 1153 catechumenus
864 1115 888 1153 et
898 1112 979 1161 laicus,

127 1178 214 1219 electus
230 1178 260 1219 ad
276 1177 440 1230 episcopatum
455 1176 660 1224 Mediolanensem,
684 1188 731 1218 uno
746 1179 853 1230 tempore
868 1180 892 1218 et
907 1189 981 1230 quan-
1018 1188 1020 1190 ’

125 1245 214 1286 tumvis
223 1255 330 1291 renuens,
340 1243 428 1295 recepit
437 1247 489 1284 tum
497 1242 643 1294 baptismum
652 1245 704 1284 tum
714 1242 886 1285 ordinationem
896 1244 982 1296 episco-

126 1310 210 1364 palem,
241 1308 417 1351 nonobstante
445 1308 602 1361 prohibitione
632 1308 755 1349 ordinandi
783 1309 929 1362 neophytum
941 1309 981 1363 (4).
1018 1327 1019 1330 ¹

126 1377 148 1418 S.
162 1376 316 1429 Augustinus,
329 1375 407 1417 invita
413 1375 461 1427 lege
470 1374 615 1427 prohibente,
630 1375 774 1416 constitutus
784 1378 819 1417 est
832 1376 982 1429 coepiscopus

126 1443 217 1485 Valerio
232 1441 386 1494 Hipponensi,
402 1441 509 1493 episcopo
524 1440 600 1483 adhuc
613 1440 724 1482 incolumi
736 1439 776 1492 (5),
792 1442 877 1493 etipse
891 1446 980 1494 postea,

126 1510 249 1561 episcopus
262 1507 346 1556 laetus,
361 1508 385 1548 in
400 1506 495 1548 Fussale
509 1506 629 1548 ordinavit
642 1505 778 1548 Antonium
792 1507 910 1555 lectorem,
925 1509 982 1560 quin

125 1575 261 1617 observaret
272 1574 404 1616 intersticia
416 1574 567 1626 praescripta.
582 1572 695 1624 Episcopi
708 1574 803 1614 secundi
817 1573 911 1615 Consilii
924 1573 981 1615 Con-

125 1640 333 1693 stantinopolitani
346 1643 478 1692 praetorem
491 1639 627 1696 Nectarium
644 1639 669 1680 in
684 1638 819 1690 episcopum
838 1640 908 1680 huius
926 1641 982 1681 civi-
1026 1654 1031 1658 ’-

124 1708 183 1751 tatis
195 1707 372 1754 ordinaverunt,
386 1706 540 1758 quantumvis
553 1705 630 1757 plures
643 1705 771 1746 adversarii
784 1706 929 1747 illiceitatem
941 1718 981 1759 op-

125 1776 256 1829 ponerent;
274 1762 376 1825 episcopi
392 1775 473 1813 tamen
489 1784 558 1813 verae
575 1770 747 1823 dispensationi
764 1770 840 1813 locum
857 1784 905 1813 esse
921 1773 981 1814 exis-

124 1841 241 1883 timarunt
252 1838 281 1879 ob
293 1838 390 1879 eximias
402 1838 467 1886 dotes
488 1837 598 1884 Nectarii,
609 1839 694 1888 utpote
705 1848 774 1888 quem
785 1838 860 1880 solum
872 1838 980 1881 aestima-

124 1906 316 1951 bantecclesiam
341 1904 405 1947 illam
423 1915 490 1956 posse
501 1903 591 1946 salvare
606 1900 646 1954 (6).
671 1901 763 1944 Notatn
776 1903 846 1956 digna
858 1907 894 1945 est
905 1903 978 1946 iacul-

154 2063 184 2107 (1)
199 2063 294 2103 Esnnrn,
305 2070 321 2095 o.
333 2070 356 2102 e,
365 2060 381 2094 t.
395 2059 422 2100 II,
432 2068 452 2102 p.
463 2058 501 2092 316
512 2067 557 2101 sqq.

152 2119 182 2162 (2)
198 2119 315 2158 Srrnonnn,
326 2125 343 2151 0.
356 2125 378 2157 c.,
390 2125 410 2159 p.
422 2114 490 2149 41-67.

153 2174 183 2218 (3)
200 2174 229 2209 Cf.
243 2172 308 2207 etiam
320 2180 385 2215 supra
398 2170 452 2213 (cap.
466 2170 484 2211 2,
497 2179 516 2204 n.
530 2168 551 2211 3)
564 2168 601 2202 ubi
613 2167 720 2211 refutatur
733 2168 829 2203 doctrina
841 2167 924 2203 illorum
937 2170 973 2214 qui

125 2231 181 2266 hane
198 2228 378 2273 dispensationem
396 2235 420 2260 ex
430 2226 480 2269 post
495 2223 632 2260 identificant
658 2232 706 2256 cum
726 2222 859 2258 absolutione
875 2223 909 2259 vel
925 2224 972 2259 slm-

125 2286 176 2331 plici
187 2283 361 2321 dissimulatione.

154 2341 185 2386 (4)
201 2341 231 2377 Gi.
243 2342 409 2380 Tnoirassnrns,
421 2347 439 2372 o.
452 2346 474 2378 r.,
489 2337 500 2372 i.
512 2345 536 2378 e,
548 2346 565 2371 c.
579 2334 610 2376 ²3,
624 2343 644 2369 n.
657 2334 681 2368 21
693 2345 698 2377 3
719 2334 857 2378 Sosonnnns,
878 2336 973 2377 Historia

129 2397 370 2438 Ecclesiusiieu,l.e.,c.
396 2394 415 2429 4,
841 2387 843 2390 “

154 2454 184 2498 (5)
202 2454 243 2496 PL,
251 2454 267 2488 t.
276 2451 309 2493 39,
319 2451 356 2487 col.
366 2450 411 2486 254.

154 2509 185 2553 (6)
203 2511 368 2549 Tuonnssrnus,
380 2515 397 2541 o,
411 2515 434 2548 e,
446 2515 464 2540 e.
477 2505 509 2547 13,
522 2513 543 2540 n.
555 2503 587 2540 22.
618 2521 645 2528 —-
670 2502 775 2538 Attamen
786 2503 898 2538 fatendum
910 2505 972 2540 estin
1029 2520 1032 2522 μ

127 2565 165 2600 'llis
174 2564 346 2601 ordinationibus
355 2562 459 2597 laicorum
466 2570 503 2604 pro
513 2560 562 2594 sede
570 2558 684 2603 episcopali
691 2565 764 2593 versus
773 2568 826 2595 saec.
834 2559 866 2595 VI
874 2569 916 2595 non
924 2569 971 2596 raro

127 2623 205 2656 abusus
220 2620 334 2664 irrepsisse.
350 2618 436 2653 Etenim
451 2626 494 2651 non
509 2623 581 2649 omnes
595 2613 717 2649 huiusmodi
732 2615 875 2651 ordinationes
890 2615 972 2652 fiebant

127 2687 153 2712 ex
170 2675 342 2720 dispensatione3
360 2673 422 2708 multi
440 2681 465 2706 ex
481 2670 598 2706 intentione
621 2671 729 2705 redituum
752 2671 846 2707 ordinati
863 2672 913 2706 sunt
929 2672 972 2707 sine

125 2732 254 2773 intersticiis
277 2732 341 2775 prout
351 2729 462 2773 Gregorius
472 2726 598 2761 Turonensis
617 2726 654 2761 dat
663 2725 767 2770 exempla.
790 2727 880 2762 Abusus,
899 2728 970 2762 autem

126 2799 170 2825 non
181 2789 272 2833 possunt
282 2787 384 2822 inservire
395 2785 423 2819 ad
433 2783 567 2828 probandam
578 2781 713 2816 existentiam
725 2782 907 2826 dispensationum
917 2791 972 2826 quae

129 2844 278 2883 deliniuntur:
292 2837 530 2883 declinationesalege,
552 2846 606 2882 quac
618 2838 773 2881 permittuntur
793 2848 819 2873 ex
842 2838 972 2875 conscientia

128 2899 188 2946 quod
201 2908 226 2934 ex
249 2898 304 2933 datis
322 2895 489 2933 circumstantiis
506 2895 562 2938 rigor
580 2895 665 2938 canonis
691 2903 734 2937 non
750 2894 822 2937 potest
838 2894 922 2936 servari.
941 2895 970 2936 ct,

126 2956 245 3003 sarnensis,
261 2962 281 3009 p.
293 2952 324 2997 67,
