2139 3277
448 507 547 602 sicne
563 516 658 602 enini
678 540 681 542 ·

186 729 226 782 'ne
239 744 435 789 EXISTENTIA,
447 745 594 788 nomonn,
609 744 748 779 enmono
760 742 799 776 ET
811 740 909 777 cause

133 811 134 815 ’
420 811 701 851 DISPENSAT10NUM

486 1045 588 1100 cneur
608 1056 618 1098 1

330 1175 367 1218 De
386 1175 527 1218 existentia
546 1172 775 1233 dispensationum

158 1336 237 1391 Usque
251 1337 281 1380 ad
294 1350 352 1380 saec.
369 1337 410 1385 IX,
425 1338 504 1380 nullus
515 1338 635 1380 invenitur
647 1339 730 1380 textus
743 1334 783 1388 qui
796 1331 907 1376 exhibeat
920 1328 978 1371 deii-

85 1453 87 1456 ,
128 1402 241 1445 uitionem
258 1403 389 1452 juridicam,
408 1404 481 1446 etiam
499 1417 567 1446 sensu
584 1404 670 1453 latiori,
690 1399 876 1455 dispensationis.
895 1396 977 1437 Plures

127 1472 207 1511 tamen
217 1469 365 1522 reperiuntur
374 1473 462 1519 textus,
472 1473 524 1513 tum
536 1471 682 1524 scriptorum,
698 1472 749 1511 tum
759 1466 810 1508 RR.
821 1463 975 1509 Pontificum,

104 1573 105 1577 ,
130 1534 170 1588 qui
179 1546 229 1578 rem
237 1536 313 1588 ipsam
323 1535 466 1578 describunt.
476 1537 706 1593 Cumvterminologia
714 1548 761 1577 non
769 1533 800 1575 sit
808 1545 862 1580 una,
872 1529 976 1583 primum

128 1603 208 1643 textus
219 1601 352 1655 collegimus
362 1603 507 1655 praecipuos,
517 1602 558 1645 ubi
568 1603 667 1645 verbum
677 1618 686 1640 ο
696 1596 838 1654 dispensatio
849 1613 856 1636 ν
868 1594 976 1643 occurrit,

129 1666 167 1709 vel
180 1668 244 1711 aliud
257 1668 360 1711 eiusdem
374 1669 559 1722 significationis,
573 1670 672 1712 ulterius
685 1667 808 1711 exiisdem
820 1662 928 1706 textibus
941 1674 979 1704 ca-

129 1734 178 1787 pite
191 1733 215 1774 ll
227 1734 348 1776 notionem
360 1735 542 1787 dispensationis
554 1736 686 1778 deducturi.

160 1798 179 1841 1.
195 1799 266 1852 Apud
278 1799 360 1841 Poircs
376 1800 469 1842 Graecos
483 1806 563 1845 textus
578 1802 698 1856 praecipui
713 1803 769 1843 sunt
783 1799 804 1841 S.
819 1797 901 1841 Basilii
916 1799 940 1838 et
955 1793 977 1837 S.

130 1865 209 1919 Cyrilli
218 1864 370 1909 Alexandrini
380 1880 385 1915 ;
397 1867 436 1909 alii
447 1871 533 1917 autem,
545 1869 632 1922 priores
642 1868 815 1914 confirmantes,
825 1858 994 1907 inveniuntur)
1059 1872 1062 1877 ·

131 1932 193 1985 apud
207 1931 228 1973 S.
242 1932 435 1985 Chrysostomum
447 1937 471 1976 et
483 1935 505 1977 S.
518 1935 685 1989 Epiphaniam.

158 1998 228 2041 Teste
243 1998 264 2040 S.
279 1998 379 2040 annro
395 1998 425 2051 (a.
442 1999 502 2054 374),
519 2002 676 2056 Euphronius,
691 2000 812 2052 episcopus
828 1994 977 2043 Coloniensis

129 2065 176 2107 fuit
191 2064 321 2107 translatus
336 2067 367 2108 ad
383 2066 461 2108 sedem
478 2067 699 2120 archiepiscopalem
716 2064 913 2118 Nicopolitanam,
931 2072 978 2103 non

76 2173 78 2175 ,
130 2131 240 2174 obstante
253 2143 304 2173 can.
319 2131 345 2172 15
360 2131 455 2174 Concilii
469 2124 572 2176 Nicaeni.
596 2135 656 2176 Earn
668 2132 846 2175 translationem
859 2129 979 2181 dispensa-

131 2199 220 2240 tionem
232 2201 303 2240 vocat
315 2210 354 2240 seu
368 2199 490 2252 οἰκονομία,
503 2212 557 2243 nam
570 2200 667 2243 scribit:
680 2197 796 2251 οἰκονομία
815 2194 871 2248 καλή
886 2193 937 2248 περὶ
947 2193 985 2234 τὸν

132 2264 306 2316 {leopardorum
316 2264 439 2317 Εὐφρόνιον
451 2265 511 2319 παρὰ
523 2270 566 2307 τῶν
579 2267 705 2319 οἰκονομεῖν
720 2265 759 2312 τὰς
769 2263 890 2315 ἐκκλησίας
902 2273 981 2302 nautea

78 2334 81 2336 ’
132 2329 243 2383 reundum
257 2330 379 2383 γεγένηται,
394 2331 504 2384 ἀναγκαῖα
519 2337 636 2386 τῷκοκρῷ
650 2331 766 2384 λυσιτελὴς
780 2329 817 2370 καὶ
831 2332 858 2383 τῇ
871 2324 980 2380 ἐκκλησίᾳ

131 2396 186 2449 πρὸς
198 2397 225 2449 ἥν
238 2397 345 2450 μετετέθη
359 2397 396 2438 καὶ
410 2396 460 2451 ὗμιν
475 2400 548 2447 αὐτοῖς
561 2400 597 2452 ἀφ’
612 2399 643 2440 ὧν
656 2398 740 2452 ἐλήφθη
748 2397 850 2449 (1).Νοῒᾶ
864 2394 980 2437 Basilium

129 2463 194 2507 illam
211 2462 409 2517 dispensationem
424 2464 560 2518 iustificare,
574 2478 605 2508 ex
619 2465 758 2509 necessitate
771 2462 884 2515 temporis
899 2464 924 2503 et
933 2460 981 2502 uti-

131 2529 199 2573 litate
214 2528 338 2572 Ecclesiae.
355 2529 427 2580 Alias,
443 2531 498 2573 huic
513 2532 606 2581 similes,
621 2532 769 2585 exceptiones
783 2544 797 2572 a
810 2529 859 2581 lege
872 2526 982 2571 admittit

131 2598 212 2649 et-ope
226 2594 408 2648 dispensationis
420 2598 544 2648 iustificat,
558 2599 607 2642 siue
619 2611 648 2641 ex
659 2597 799 2641 necessitate
811 2594 933 2648 temporis,
945 2593 980 2635 ni·

159 2740 189 2785 (1)
205 2740 248 2784 PG,
259 2742 275 2777 t.
287 2741 318 2784 32,
329 2741 368 2778 col.
380 2742 426 2786 852,
438 2743 460 2778 in
471 2751 503 2788 ep.
515 2744 553 2780 229
566 2744 629 2780 missa
639 2744 667 2779 ae
677 2741 754 2778 incolas
765 2741 822 2776 urhis
834 2738 977 2775 coloniensis:

34 2792 36 2794 ’
65 2837 71 2839 „
132 2795 401 2843 «Praeclaradispensatio
417 2799 559 2846 (oeconomia)
574 2809 622 2845 erga
634 2797 813 2844 religiosissimum
827 2795 975 2841 Euphronium

121 2853 209 2896 abhis,
220 2854 297 2897 quibus
308 2854 407 2891 ecclesiae
417 2856 543 2892 commissae
554 2858 604 2892 sunt
614 2855 768 2901 gubernandae,
787 2853 845 2888 iacta
856 2853 895 2894 est,
906 2858 975 2887 neces-

133 2909 187 2946 saria
198 2909 296 2956 tempori,
307 2911 406 2957 perutilis
419 2912 441 2947 et
453 2910 557 2950 Ecclesiae
567 2914 594 2950 ad
607 2919 673 2959 quam
684 2909 799 2946 translatus
813 2910 845 2944 est
857 2909 879 2949 et
891 2907 951 2947 vobis
964 2916 977 2949 e

132 2964 209 3015 quibus
222 2967 343 3016 assumptus
357 2968 389 3006 est
396 2980 412 3006 ν,
