2139 3277
301 145 334 180 DE
344 126 540 195 DISPENSATIONE
552 148 578 178 IN
590 142 649 178 IURE
661 145 809 177 APOSTOLICO
885 123 888 129 v
919 131 963 182 223

86 277 98 281 ⁴
122 257 143 299 3.
176 258 242 301 Haec
258 262 401 312 argumenta,
413 261 495 302 tamen
509 268 556 297 non
570 255 669 309 luerunt
693 252 720 294 ob
736 252 960 299 omnibusodmissu

91 335 144 367 cum
156 312 254 379 quidam
265 328 423 378 reponerent:
435 339 443 362 l
455 324 519 378 quod
529 321 684 369 hoc'nonnisi
692 322 769 385 stulte
778 322 890 364 dicitur...
904 336 960 368 nam

90 390 114 432 in
128 389 209 433 Veteri
223 394 247 432 et
259 392 327 434 Novo
341 391 496 435 Testamento
510 401 557 432 non
571 390 726 432 continentur
739 387 785 430 nisi
798 389 889 431 veritas
902 390 960 432 fidei

92 457 214 502 doctrinae
228 460 251 499 11
263 469 363 506 morum,
378 457 509 500 secundum
522 455 597 508 legem
610 457 711 500 naturae
724 457 748 495 11
760 455 860 507 gratiae,
876 460 960 502 contra

92 534 165 576 quam
182 524 313 577 dispensari
329 535 376 568 non
393 524 498 576 potest...
516 524 540 562 11
555 533 603 565 non
619 521 696 563 solum
713 523 797 565 contra
814 522 958 575 apostolum,

90 589 131 631 sed
146 601 189 633 nec
205 590 278 633 etiam
293 592 377 632 contra
391 587 525 642 quamlibet
539 587 673 632 doctrinam
689 587 804 640 cuiusque
819 587 873 628 libri
889 601 960 634 cano-

90 655 144 700 nis»
156 655 198 710 (1),
216 655 282 698 Haec
297 656 400 697 severior
418 655 526 698 doctrina
542 652 628 694 acriter
644 666 658 694 a
675 652 772 693 Ioanne
787 664 821 693 nn
837 653 899 704 Duo,
917 656 959 710 qui

58 766 60 770 y
89 722 216 775 praecipue
227 721 480 764 1111111111111111111111
491 719 558 761 Lucii
570 718 617 767 ΙΙΙ,
628 722 802 773 propugnatur.
815 720 902 771 Etiam,
916 724 958 772 111,

89 802 98 825 e
108 788 127 829 si
137 799 202 841 papa
213 789 241 829 de
251 787 316 830 iacto
328 788 405 841 possit
416 790 499 829 eontra
508 785 653 839 Apostolum
664 784 809 838 dispensare,
821 796 867 830 non
878 791 959 840 potest

89 856 132 899 n'ec
147 854 219 896 debet
235 855 371 908 dispensare
385 854 450 907 quod
460 853 569 906 bigamus
590 853 772 904 promoveretur
785 852 810 893 in
829 853 960 906 dyaconem

89 920 127 961 vel
137 921 287 963 sacerdotem
296 920 335 961 vel
345 920 508 973 episcopum...
520 917 569 960 Nec
579 917 746 977 obstat,quod
757 917 841 963 dicunt
851 920 957 973 quidam,

89 986 153 1039 quod
171 986 259 1027 Lucius
278 985 428 1038 dispensavit
446 997 499 1027 cum
517 984 620 1037 bigamo,
641 984 699 1038 qula
718 995 766 1029 non
783 984 914 1037 invenitur,
935 991 959 1029 et

89 1051 108 1093 11
117 1051 266 1096 Inveniretur
277 1051 432 1104 apocriphum
443 1053 511 1099 esset,
523 1053 546 1091 11
557 1050 598 1103 qui
609 1061 675 1092 secus
686 1051 758 1094 sentit
768 1062 840 1103 pecus
850 1056 886 1094 est
895 1069 903 1092 1
916 1054 958 1108 (2).

119 1116 140 1158 t.
156 1116 311 1158 Bnnrvsnnus
325 1116 478 1166 pinnensis,
495 1116 629 1161 doctrinam
645 1116 767 1158 Tancredi.
777 1118 896 1168 evolvens,
913 1121 960 1161 its-

88 1183 248 1236 pensotionem
262 1194 313 1223 curn
327 1183 451 1224 criminoso
465 1181 575 1232 admittit,
593 1184 650 1236 quia
665 1182 805 1225 criminosus
818 1200 827 1222 l
837 1189 893 1239 post
906 1200 959 1241 per-

89 1252 168 1291 actam
182 1249 356 1303 poenitentiam
370 1249 466 1300 restitui
480 1249 577 1290 videtur
590 1245 621 1291 in
629 1249 730 1304 pustino
746 1253 820 1301 statu,
837 1256 861 1293 et
873 1253 960 1308 incipit

88 1328 138 1357 esse
154 1316 218 1369 quod
233 1328 280 1358 non
295 1315 378 1364 fuit»;
396 1319 479 1359 contra
492 1315 563 1356 reicit
578 1315 781 1369 dispensationem
796 1329 839 1370 pro
854 1318 958 1372 bigamo,

88 1382 146 1435 quia
165 1381 296 1435 Apostolus
316 1381 446 1435 bigamiam
466 1380 592 1440 prohibuit
611 1394 659 1424 non
679 1386 777 1436 propter
798 1385 894 1434 crimen,
916 1388 958 1428 sed

87 1451 185 1501 propter
202 1446 321 1490 deiectum
337 1448 488 1497 sacramenti,
505 1448 570 1500 quod
586 1449 688 1502 amplius
703 1450 799 1491 restitui
815 1463 862 1493 non
877 1456 959 1505 potest

86 1525 128 1566 per
142 1513 332 1556 satisfactionem
343 1511 385 1567 (3).
402 1512 487 1566 Opinio
501 1516 583 1557 tamen
598 1514 746 1558 coirrmunior
759 1518 812 1558 erat
826 1517 957 1571 dispensari

86 1591 155 1632 posse
172 1592 226 1622 cum
243 1579 345 1633 bigamo,
375 1580 460 1622 saltem
477 1591 552 1633 usque
570 1581 600 1622 ad
617 1581 818 1626 subidaconatum
841 1584 959 1629 inclusive

84 1645 155 1687 iuxta
169 1646 294 1700 quosdam,
311 1646 431 1688 exclusive
444 1647 514 1688 iuxta
530 1647 588 1689 alios
600 1645 641 1701 (4).
657 1646 821 1701 1,111111111111
843 1650 959 1695 invocans

116 1807 146 1853 (1)
161 1809 356 1853 Ancummoonus,
371 1809 491 1853 Resculum,
502 1810 531 1846 ad
541 1819 558 1847 c.
571 1810 590 1853 6,
602 1811 624 1846 C.
636 1812 707 1854 XXV,
718 1823 738 1857 q.
752 1814 770 1849 1.

116 1863 146 1908 (2)
160 1864 224 1900 Liber
233 1864 425 1910 dispensationum,
437 1867 468 1901 De
478 1866 636 1910 dispensatione
646 1869 726 1913 Papae,
736 1879 776 1905 ms.
788 1871 824 1907 111.
835 1872 890 1909 Bibl.
901 1874 958 1909 Bona

87 1920 166 1962 nensis,
176 1931 196 1956 n.
208 1920 254 1957 792.
264 1921 301 1957 iol.
311 1921 352 1965 511,
363 1922 402 1958 col.
412 1921 432 1958 3.
442 1936 450 1955 α
460 1923 539 1958 Restat
548 1931 597 1967 ergo
607 1926 681 1959 videre
689 1925 711 1960 in
721 1927 800 1970 quihus
816 1929 841 1963 de
849 1929 896 1963 iure
914 1941 957 1966 non

87 1976 157 2021 possit
169 1975 242 2021 [papa]
257 1978 389 2022 dispensare.
403 1978 434 2013 Et
448 1979 464 2013 si
479 1979 504 2013 de
517 1978 575 2015 iacto
590 1982 661 2024 possit
675 1984 750 2017 contra
762 1983 901 2028 Apostolum,
915 1997 959 2022 non

86 2032 161 2077 potest
173 2034 304 2078 dispensare,
313 2042 352 2069 nec
366 2035 431 2069 debet
444 2036 502 2079 quod
514 2035 615 2079 bigamus
626 2039 786 2081 promoveatur
795 2040 818 2076 iu
831 2042 959 2087 dyaconem,

86 2089 121 2124 vel
128 2086 270 2131 sacerdotem,
277 2090 485 2136 velepiscopum,ut
491 2092 678 2136 aitApostolusin
685 2095 777 2138 epistola
784 2097 813 2133 ad
819 2097 958 2135 Timotheum

17 2184 21 2187 ι
59 2148 61 2150 ’
86 2144 357 2189 etTitumzoportetesse
367 2148 492 2192 episcopum
502 2145 565 2184 unius
574 2151 649 2185 uxoris
658 2152 751 2189 virumi.
764 2161 780 2189 c.
804 2155 958 2200 nonplurium,

86 2200 109 2235 et
119 2201 161 2235 hoc
172 2201 248 2238 Patres
260 2203 404 2246 attestantur,
417 2204 461 2253 scil.
473 2205 563 2249 propter
574 2204 722 2249 significatum
735 2209 757 2241 et
769 2212 959 2255 consignificatum

87 2256 246 2294 Incarnationis
257 2258 306 2294 Filii
316 2259 356 2293 Dei
366 2261 388 2294 in
400 2260 460 2294 utero
472 2260 573 2304 Virginis,
601 2263 623 2296 11
633 2264 723 2308 propter
733 2267 836 2301 unionem
847 2269 927 2305 Christi
937 2273 959 2305 et

84 2313 180 2348 Ecclesie
191 2314 307 2351 militantis
318 2312 340 2348 11
349 2315 515 2360 triumphantis.
527 2317 591 2359 Quod
601 2320 676 2353 autem
686 2329 761 2356 verum
774 2324 802 2357 sit
811 2326 907 2367 probant
918 2328 957 2364 Pa-

84 2369 128 2403 tres
139 2369 186 2404 tam
197 2369 313 2414 apostolici
324 2381 391 2415 quam
402 2371 440 2409 alii
451 2373 586 2417 expositores
608 2374 666 2410 Novi
678 2378 700 2410 et
710 2377 796 2413 Veteris
808 2380 943 2419 Testamenti
954 2393 957 2417 :

84 2425 230 2469 Augusnnus,
239 2426 267 2463 D.
277 2426 360 2471 XXVI,
371 2429 463 2463 Acutius
473 2428 500 2472 (c,
511 2428 540 2472 2),
550 2430 573 2463 et
584 2429 733 2477 Innocentius,
744 2435 770 2470 D.
781 2434 864 2481 XXVI,
876 2438 958 2475 Deinde

85 2481 112 2526 (c.
124 2481 153 2525 3),
165 2482 300 2526 Ambrosius,
312 2484 338 2519 D.
350 2484 435 2527 XXVI,
456 2484 502 2520 Uno
515 2486 598 2521 tontum
610 2487 637 2531 (c.
649 2488 678 2532 4),
703 2488 731 2525 Ε1
742 2488 824 2535 prohat
841 2494 956 2540 Urbanus,

84 2538 106 2575 C.
119 2536 191 2581 XXV,
204 2547 225 2582 q.
239 2538 257 2579 1,
270 2539 326 2574 Sunt
337 2541 374 2583 qui
387 2540 414 2584 (c.
428 2541 457 2586 6),
470 2542 492 2576 et
503 2541 591 2585 Lucius,
605 2543 682 2581 Extra.
697 2545 726 2580 De
741 2547 836 2592 bicornis,
849 2560 913 2595 super
935 2563 957 2587 eo

84 2592 112 2637 (1.
127 2592 147 2635 2,
160 2593 189 2630 X.
206 2593 222 2636 I,
236 2593 279 2639 21),
293 2596 331 2630 ubi
345 2597 426 2631 dicitur
440 2599 499 2642 quod
512 2598 570 2632 nullo
586 2601 651 2635 modo
665 2604 735 2646 possit
750 2604 897 2649 dispensare...
912 2610 958 2644 Nec

83 2649 158 2685 obstat
168 2651 195 2686 D.
207 2649 313 2694 XXXIV,
322 2651 396 2687 Lector
407 2652 434 2697 (c.
447 2653 488 2698 18),
500 2656 552 2697 quia
561 2655 660 2700 tempore
671 2658 761 2696 Martini
773 2660 795 2694 II
805 2663 957 2707 sundyacona-

82 2706 118 2741 tus
127 2706 224 2741 nonfuit
233 2714 291 2741 sacer
300 2708 360 2751 ordo,
371 2710 408 2743 sed
417 2718 430 2747 a
438 2710 536 2755 tempore
546 2711 666 2755 Gregorii„
678 2726 685 2745 1

111 2761 141 2806 (3)
158 2762 190 2799 Gl.
204 2763 250 2800 ord.
263 2763 291 2800 ad
303 2773 323 2799 v.
336 2763 468 2809 dispensare,
481 2775 498 2803 c.
512 2766 531 2808 2,
544 2767 572 2803 X.
587 2768 618 2802 De
631 2769 727 2813 binensis,
743 2771 758 2813 I,
772 2772 806 2809 21.

82 2871 102 2907 D
110 2818 146 2907 (4),
156 2818 187 2855 Ci.
198 2818 251 2863 glos.
263 2819 377 2856 6111111111
388 2822 559 2867 R'nnnonnnsm,
570 2824 606 2858 Ad
615 2825 723 2862 Summum
736 2827 868 2876 Ronmanis,
879 2835 908 2870 ad
918 2835 955 2873 111,

104 2881 114 2907 e
143 2874 226 2916 inauris.
