2182 3277
122 189 164 248 182
250 208 252 211 '
299 199 864 265 Denrsreusarrouruusaeun'oecnerstrsrns
903 245 904 248 ,
951 229 953 231 ·

127 337 167 367 eas
183 322 293 377 omnibus
310 321 528 376 dispensationibus
544 322 686 377 applicando
699 320 739 376 (1),
755 305 874 365 Durantis
888 306 985 367 textum
1069 336 1070 339 ¹

127 389 263 433 Hostiensis'
279 402 309 432 ex
323 387 416 442 integro
432 387 513 440 refert,
530 390 612 443 paucis
628 392 710 434 tamen
726 388 901 432 mutationibus
918 388 985 432 addi-

126 455 212 510 tis(2).
499 449 510 506 J
914 492 927 510 .-
981 486 984 489 .

157 522 177 564 1.
208 521 368 564 Rarnunpus
395 522 500 565 declarat
525 523 729 577 dispensationem
744 535 793 567 esse
810 520 918 571 debitam,
938 522 1001 565 vel

127 606 136 629 r
146 589 240 632 ratione
250 588 382 632 multorum
393 588 498 646 scandali
511 590 574 642 quod
584 589 694 639 timetur,
706 589 744 631 vel
754 580 847 633 ratione
858 589 982 645 temporis,

125 668 247 710 personae,
260 654 368 709 pietatis,
382 655 531 698 necessitatis
544 655 581 698 vel
593 655 709 698 utilitatis
721 654 847 705 Ecclesiae,
861 657 903 698 aut
915 667 986 698 even-

125 725 165 765 tus
179 722 212 765 rei
220 736 236 771 s,
250 720 341 765 verbo:
356 721 519 776 «ubicumque
533 722 614 765 subest
626 721 698 765 iusta·
706 734 777 765 causa
786 737 795 760 r
807 721 848 775 (3).
860 721 984 763 Hosrrnnr-
1015 754 1017 756 .
1047 744 1049 746 -

126 800 162 830 sis
174 789 279 842 insuper,
293 792 317 830 et
331 791 386 841 post
400 801 453 831 eum
467 789 603 839 Dunsnrrs,
619 789 723 841 urgendo
738 788 872 831 doctrinam
887 788 983 832 loannis
1019 783 1025 786 ’

127 855 256 912 Teutonici,
267 858 291 897 et
305 854 434 904 Laurentii,
451 855 491 908 qui
504 855 620 899 tenebant
634 854 837 908 dispensationem
851 865 916 907 posse
930 854 981 897 dari
1039 873 1040 876 ¹

127 920 266 972 obcausam
278 921 409 975 quamdam
420 920 574 973 probabilem,
588 921 682 964 addunt
694 932 752 969 eam,
775 911 849 963 etiam
862 934 890 963 ex
901 920 983 972 huius-

125 988 191 1031 modi
204 999 275 1030 causa
288 986 413 1040 probabili,
427 1000 476 1029 esse
490 986 596 1031 debitam
607 986 649 1040 (4),
664 986 702 1030 Ex
714 986 832 1040 opposito,
847 998 928 1030 omnes
941 987 983 1029 ad·
998 998 1000 1000 ’

125 1053 228 1097 mittunt
243 1064 295 1096 eam
311 1064 361 1095 esse
375 1050 682 1106 prohibitumubicumque
698 1064 745 1096 non
760 1055 841 1106 potest
864 1053 917 1096 fieri
932 1054 983 1097 sine

124 1118 252 1163 manifesta
267 1118 387 1169 Ecclesiae
403 1119 585 1168 decoloratione,
601 1122 625 1161 et
639 1118 752 1161 brevius:
776 1118 920 1174 ubicumque
932 1132 983 1169 non

126 1187 195 1230 adest
209 1186 274 1229 iusta
289 1198 361 1229 causa
377 1186 530 1239 dispensandi
542 1184 583 1240 (5).
876 1234 878 1236 ,

157 1253 179 1294 2.
198 1252 356 1305 Raymundus
370 1252 454 1294 deinde
468 1253 538 1294 docet
551 1263 593 1305 ouo
606 1262 675 1293 sensu
689 1252 836 1304 dispensatio
850 1252 925 1306 possit
937 1265 984 1295 esse

127 1318 218 1361 debito:
235 1318 323 1361 «Licet
339 1321 420 1361 autem
435 1318 467 1361 sit
484 1317 565 1362 debita
581 1332 610 1362 ex
626 1319 857 1372 causis-praedictis,
875 1323 900 1360 et
917 1332 985 1373 prae-

126 1386 191 1429 latus
202 1388 284 1439 peccet
295 1397 343 1428 non
355 1385 521 1438 dispensando,
534 1388 615 1429 tamen
627 1384 719 1427 subditi
731 1397 778 1429 non
789 1383 892 1438 possunt
901 1389 982 1439 petere

127 1452 173 1495 nisi
189 1452 252 1494 ior-te
269 1451 425 1506 supplicando
435 1467 452 1492 u.
470 1452 507 1495 Ex
524 1452 613 1494 additis
630 1451 710 1495 textui
726 1452 816 1504 glossae
833 1452 870 1495 his
887 1443 979 1495 ultimis
1014 1482 1016 1486 ι

123 1518 219 1561 verbis:
233 1518 297 1561 «nisi
310 1518 373 1560 forte
387 1518 561 1571 supplicando»
574 1521 643 1571 patet
657 1517 827 1575 Raymundum
842 1531 889 1563 non
914 1529 981 1573 agere

125 1586 153 1626 de
165 1585 216 1626 iure
228 1584 319 1633 stricto,
334 1584 374 1626 sed
388 1584 416 1625 de
428 1584 596 1627 misericordia.
610 1584 643 1625 Et
655 1583 726 1626 huius
738 1584 850 1638 loquendi
863 1586 927 1628 modi
940 1598 978 1629 ra-

123 1651 215 1697 tionem
236 1664 264 1694 ex
286 1649 369 1692 Glossa
391 1650 543 1704 coeteroquin
566 1651 732 1704 depromptam
762 1652 803 1693 dat
824 1648 983 1710 Hostiensis:.

125 1716 233 1776 debitum
249 1730 296 1763 non
312 1719 348 1761 est
361 1716 469 1762 institiae
484 1717 525 1761 sed
540 1716 723 1766 misericordiae,
740 1717 796 1772 quia
810 1718 977 1775 «dispensatio

117 1915 148 1950 tio
159 1914 202 1951 alia
212 1914 245 1949 cst
255 1913 336 1958 debita,
346 1912 390 1948 alia
400 1911 432 1946 est
442 1911 560 1957 prohibita,
569 1911 612 1947 alia
621 1912 733 1956 permissa.
744 1911 824 1947 Debita
836 1912 869 1947 est
878 1912 916 1948 ubi
926 1913 981 1948 mul·
1047 1945 1049 1947 .

117 1972 192 2006 torum
219 1969 345 2006 scandalum
371 1968 539 2004 timetur...cave
565 1969 639 2003 tamen
651 1976 678 2003 ne
688 1967 800 2011 decipiaris
812 1968 835 2004 in
851 1970 979 2006 scrutando.

120 2027 176 2062 Item
188 2027 261 2062 debita
271 2026 304 2060 est
313 2019 518 2069 rationetemporis,
529 2024 563 2059 vel
572 2032 684 2068 personae,
695 2024 729 2059 vel
739 2024 835 2068 pietatis,
846 2025 880 2060 vel
890 2027 980 2061 necessi·
1009 2030 1011 2032 ’

118 2084 172 2119 tatis
187 2083 288 2117 ecclesiae
303 2083 343 2117 ant
358 2081 467 2123 utilitatis,
483 2081 517 2116 vel
533 2082 623 2115 eventus
638 2081 690 2116 rei...
702 2082 724 2115 et
738 2081 833 2116 breviter
848 2081 980 2126 ubicumque

118 2140 194 2175 subest
203 2139 260 2174 iusta
271 2147 337 2173 causa
347 2137 486 2182 dispensandi
496 2137 529 2170 est
539 2137 612 2172 debita
623 2137 778 2181 dispensatio...
789 2137 851 2171 Licet
860 2139 934 2172 autern
945 2140 980 2174 de-

118 2196 166 2231 bita
176 2196 205 2230 sit
215 2204 240 2230 ex
250 2194 320 2229 causis
329 2194 453 2237 praedictis,
464 2194 486 2227 et
493 2193 605 2237 ,praelatus
614 2194 690 2237 peccet
700 2203 743 2228 non
754 2194 898 2236 dispensando
909 2194 980 2238 (prac-

117 2241 176 2288 latus
186 2261 229 2287 non
239 2252 317 2295 peceat
326 2250 348 2284 in
360 2250 513 2294 dispensando)
523 2250 597 2285 tamen
608 2250 691 2284 subditi
700 2258 743 2284 non
753 2251 845 2292 possunt
855 2251 929 2293 petere
939 2252 980 2287 nisi

116 2309 173 2344 torte
180 2307 322 2352 supplicando
328 2306 431 2342 n-Notcr
439 2306 517 2340 textum
523 2305 884 2349 manuscriptorumbuiussumnrae
890 2315 963 2342 sonare
975 2319 979 2342 :

115 2378 123 2397 <r
132 2364 244 2409 praelatus
256 2363 333 2408 peccat
344 2372 388 2398 non
401 2362 544 2406 dispensando
556 2375 585 2398 s...
598 2362 635 2397 sed
647 2362 727 2397 rasuris
740 2362 761 2396 et
774 2362 924 2400 additionibus
936 2363 981 2398 iere

116 2421 202 2457 coaevis
222 2421 247 2455 ut
262 2420 357 2461 videtur,
366 2419 442 2453 textus
451 2419 550 2462 mutatus
561 2418 607 2452 est:
617 2417 745 2462 «praelatus
763 2428 806 2454 non
814 2420 892 2462 peccat
905 2419 927 2455 in
938 2420 980 2455 dis-

115 2476 226 2522 pensando
237 2489 252 2518 r,
272 2475 331 2520 quod
344 2475 432 2511 videtur
444 2475 541 2511 indicare
549 2475 725 2511 controversiam
737 2476 791 2510 tunc
802 2475 907 2518 temporis
922 2475 977 2511 exis-

114 2534 207 2569 tentem.
220 2551 247 2557 —-
258 2532 289 2569 cf.
301 2539 345 2575 ng.
358 2540 397 2567 ms,
411 2532 446 2568 cit.
458 2531 514 2567 Bihl.
527 2539 570 2575 reg.
581 2528 735 2572 BruxellensiS,
747 2540 769 2566 n,
782 2531 843 2574 8521,
855 2530 892 2567 tol.
906 2531 954 2568 200.

143 2590 174 2634 (1)
198 2588 292 2631 Summa,
312 2588 336 2623 L.
357 2588 382 2630 V,
403 2588 438 2623 tit.
460 2588 490 2622 Dc
510 2588 582 2631 poenis
602 2589 621 2622 et
639 2587 805 2623 remissionibus.
825 2588 972 2629 ruhr.Dcdr's-

114 2645 283 2690 pensationibus,
298 2644 307 2686 ξ
319 2644 338 2679 2.
705 2649 706 2652 ’

144 2700 175 2746 (2)
191 2702 315 2743 Duarum,
326 2709 345 2736 o.
356 2709 380 2742 c.,
394 2699 406 2735 l.
418 2709 441 2742 .o‚
455 2699 493 2743 53,
505 2699 593 2736 Genera.

144 2757 174 2802 (3)
190 2757 283 2799 Summo,
299 2756 312 2793 l.
327 2765 343 2792 c.
690 2799 692 2803 .

144 2812 174 2857 (4)
191 2813 221 2848 ct.
234 2822 305 2858 supra,
317 2822 338 2857 p.
352 2811 398 2847 110.
411 2811 554 2854 Hosrmnsrs,
569 2812 580 2848 l.
593 2821 617 2855 e,
630 2812 652 2846 et
663 2812 787 2853 Dunnnrrs,
801 2811 813 2848 l.
826 2821 842 2847 c.
907 2854 909 2856 Ι

143 2869 174 2914 (5)
189 2870 337 2911 Rsrnnnnns,
350 2868 444 2911 Summa,
459 2867 665 2912 l.e„H0sr1rns1s,
678 2868 772 2911 Summa,
787 2867 799 2907 l.
812 2877 828 2903 o.
842 2885 869 2892 —-
880 2867 972 2909 Denun-

117 2933 159 2971 ris,
171 2933 188 2961 o.
200 2932 224 2968 u,
236 2925 249 2962 l.
260 2934 276 2968 c,
651 2935 653 2937 ’
