2182 3277
123 184 165 229 140
312 200 346 230 nn
359 199 594 231 nrsrsumrrourssus
608 174 674 231 naun
688 199 855 231 nscnurrsrns

123 307 209 350 scholis
221 307 363 350 Bononiensi
378 310 402 350 et
416 307 543 352 Parisieusi
556 309 679 362 proposita
692 306 744 350 Ru.
759 308 918 353 Pontificibus
932 324 975 355 no-

124 386 182 415 vum
193 374 326 417 subsidium
336 373 448 428 praebuit
460 376 490 418 ad
501 376 696 428 proclamandam
707 387 774 419 suam
786 388 920 429 supremam
932 390 973 431 po-

123 442 246 483 testatem.
262 439 313 484 Hac
328 453 437 494 suprema
451 443 572 494 potestate
585 442 648 491 freti,
663 442 688 486 in
702 442 803 485 materia
817 443 974 496 dispensatio-

125 518 182 550 num
191 506 244 549 iura
253 511 363 552 exercent
373 520 433 561 quae
443 508 560 561 principia
571 522 583 551 a
593 509 722 552 canonistis
732 512 804 552 antea
813 511 907 553 statuta
915 511 973 564 ipsis
993 500 1001 505 ³

124 585 172 616 non
182 574 333 626 permittunt.
346 573 456 616 Vicissim
466 575 551 617 modus
561 575 644 628 agendi
652 574 799 619 Pontificum
810 576 873 619 ultra
882 579 905 619 et
918 590 972 622 con-

110 643 159 683 tra
178 640 310 684 docuinam
333 641 358 684 in
371 640 456 683 scholis
468 644 595 694 receptam,
603 641 684 694 primo
698 641 796 685 dubium
808 642 899 695 ingeret
911 645 973 687 circa

122 706 243 749 doctrinae
254 708 430 756 rectitudinem,
443 708 527 762 deinde
538 711 562 749 et
572 708 647 762 ipsam
659 703 792 752 docuinam
803 708 908 751 mutabit
920 709 961 763 (1).
988 697 991 701 ¹

151 773 173 814 4.
191 772 288 816 Nullum
301 774 398 816 uidetur
413 774 651 833 dubiumquominus
666 775 814 818 Decretistae
827 775 973 821 vindicarint

122 840 151 882 R.
165 840 278 883 Pontifici
291 842 327 883 ius
341 840 481 886 exclusivum
494 840 646 895 dispensandi
659 842 683 884 in
696 842 745 883 iure
759 843 886 885 communi.
900 841 969 885 Ultro

121 910 203 950 tamen
216 901 320 950 fatemur
333 908 357 949 id
372 920 419 950 non
434 920 525 960 semper
539 907 651 960 expressis
663 908 742 966 verbis
764 908 834 955 fieri3
855 902 972 961 quaedam

121 973 278 1015 difficultates
291 977 391 1026 possunt
404 974 536 1016 moveriex
549 974 667 1016 nonnuliis
679 974 787 1016 textibus
801 974 842 1028 qui
857 974 972 1018 alludunt
1031 979 1033 981 '

121 1041 151 1082 ad
160 1039 254 1092 praxim
263 1040 367 1092 plurium
377 1040 540 1093 episcoporum
550 1040 597 1094 qui,
608 1039 769 1082 nonobstante
779 1040 895 1088 doctriua,
905 1053 973 1094 prae-

120 1105 203 1148 sertim
215 1105 244 1146 ob
257 1106 440 1149 consuetudines
451 1107 613 1160 particulares,
628 1107 799 1160 dispensabant
810 1107 835 1149 in
846 1107 897 1149 iure
908 1120 973 1151 com-

120 1172 194 1215 muni.
206 1171 275 1215 Hunc
286 1173 438 1226 coeteroquin
448 1174 545 1216 modum
557 1173 639 1226 agendi
650 1172 703 1215 ΒΗ,
714 1172 853 1222 Pontifices
865 1174 973 1218 doctriua
1017 1218 1019 1220 ,

120 1238 214 1282 scholae
225 1239 382 1284 Bononiensis
393 1239 488 1288 imbuti,
503 1239 588 1282 acriter
600 1238 782 1292 impugnabant,
795 1240 915 1282 interdum
930 1240 970 1282 de-

120 1296 232 1349 clarando
242 1306 302 1349 tales
314 1305 502 1359 dispensationes
513 1319 562 1348 esse
573 1306 636 1348 omni
646 1306 727 1348 valore
738 1307 869 1348 destitutas
881 1305 922 1359 (2).

152 1372 341 1415 Decretistarum
358 1373 465 1414 doctrina
482 1374 510 1414 cle
526 1371 554 1413 R.
571 1362 698 1415 Pontificis
713 1376 834 1426 potestate
851 1372 972 1416 exclusiva

121 1440 195 1492 logice
211 1437 267 1480 fluit
283 1451 309 1480 ec
322 1438 457 1495 praemissis
473 1438 500 1479 ab
517 1438 567 1480 iliis
582 1438 706 1491 generatim
722 1439 837 1488 admissis,
853 1443 971 1494 quatenus

120 1508 233 1550 statuunt
245 1519 249 1545 :
259 1521 267 1543 u
277 1506 314 1548 ius
324 1506 476 1559 dispensandi
487 1506 593 1548 derivare
603 1518 631 1547 ex
641 1518 750 1558 supremo
759 1507 810 1548 iure
819 1500 952 1557 legislatiuo
963 1521 972 1543 J)

120 1572 158 1615 uei
172 1587 180 1609 o
191 1584 220 1614 ex
233 1575 353 1625 potestate
368 1585 415 1626 qua
428 1571 456 1613 R.
471 1571 586 1615 Pontifex
599 1574 769 1616 auctoritatem
784 1570 914 1615 canonibus
927 1573 971 1613 im-

120 1638 202 1692 pertit,
214 1653 222 1676 u
237 1639 276 1680 vel
290 1639 358 1681 lueri
373 1654 382 1676 1
392 1651 422 1680 ex
437 1638 547 1692 suprema
563 1638 707 1681 auctoritate
722 1639 747 1695 in
763 1638 868 1681 Ecclesia
878 1654 893 1679 0,
912 1638 969 1683 inde

121 1705 273 1755 concludunt,
288 1708 312 1747 et
324 1708 387 1748 recte
400 1705 504 1759 quidem,
519 1704 548 1746 R.
562 1704 706 1748 Pontificem
719 1705 849 1749 canonibus
861 1716 908 1748 non
922 1705 972 1764 alii-

121 1772 178 1824 gari,
192 1775 216 1813 et
228 1774 311 1816 contra
320 1772 374 1814 ilios
385 1784 452 1824 posse
465 1771 653 1824 dispensationes
666 1774 689 1813 et
700 1771 825 1825 privilegia
836 1772 970 1815 concedere.

120 1838 183 1880 Huic
194 1838 315 1882 doetrinae
327 1837 454 1881 Gratianus
465 1839 530 1881 uiam
541 1839 636 1891 parauit
647 1839 734 1880 docens
743 1854 751 1876 i(
762 1839 805 1880 soli
816 1837 844 1880 R.
856 1836 970 1881 Pontifici

119 1907 253 1957 competere
266 1905 303 1947 ius
316 1905 489 1957 interpretandi
504 1916 623 1948 canones»
635 1903 675 1958 (3).

151 1971 301 2025 Quamquam
317 1973 395 2025 piures
410 1970 471 2015 hanc
487 1971 661 2015 conclusionem
677 1964 777 2024 logicam
793 1983 889 2015 suorum
905 1971 971 2024 prin-

119 2038 235 2091 cipiorum
252 2050 360 2091 expresse
377 2048 423 2080 non
439 2038 572 2087 vindicant,
589 2040 670 2082 tamen
685 2038 774 2082 indicia
791 2039 912 2080 doctrinae
929 2051 968 2080 ex-

119 2118 197 2159 presse
217 2100 342 2147 asscrentis
360 2105 426 2146 iiiam
445 2104 590 2146 exclusivam
608 2107 754 2156 potestatem
774 2105 926 2157 dispensandi
945 2105 970 2148 in

119 2173 170 2214 iure
185 2171 312 2219 communi,
327 2171 433 2213 inuenire
450 2174 484 2212 est
501 2171 565 2223 apud
581 2169 697 2227 Rufinum
709 2169 743 2224 (1)
767 2174 791 2213 et
807 2171 925 2214 Simonem
942 2172 970 2212 de
1007 2162 1011 2165 ’

118 2237 241 2282 Bisiniano
254 2235 303 2291 (5);
319 2237 379 2281 item
396 2236 530 2291 qrraestioni
546 2237 688 2280 «cuiusnam
705 2237 737 2279 sit
753 2238 889 2291 dispensare
899 2252 908 2275 u
924 2249 971 2280 res·
984 2261 990 2262 ν

718 2412 733 2441 ,lt

189 2505 219 2540 Cf.
233 2504 295 2547 infra,
310 2514 329 2548 p.
345 2504 391 2539 151.

189 2570 206 2596 c.
220 2561 252 2602 16,
265 2562 286 2596 C.
299 2560 370 2601 XXV,
383 2570 403 2603 q.
417 2559 435 2594 1,

142 2617 173 2661 (4)
188 2616 222 2651 Ad
232 2617 252 2652 C.
263 2616 332 2658 XXV,
343 2626 362 2660 q.
372 2616 383 2650 2
394 2625 398 2649 z
408 2629 415 2646 u
425 2615 517 2649 Decreta
525 2615 706 2650 RR.P0ntificurn
716 2625 728 2650 a
737 2616 795 2650 nulio
803 2613 928 2650 inferiorum
938 2624 970 2650 or-

107 2673 190 2715 dinum
205 2674 296 2717 possunt
310 2673 397 2714 irritari,
412 2679 451 2706 nec
465 2672 492 2706 ab
507 2672 558 2716 ipsis
573 2672 703 2715 Apostolicis
718 2681 753 2707 eos
767 2672 868 2709 evacuari
884 2672 970 2715 oporiet

115 2730 160 2765 sine
170 2728 294 2766 rationabili
305 2738 370 2764 causa
379 2742 393 2764 0,
405 2728 496 2770 Sinenn,
508 2737 529 2772 p.
542 2726 588 2763 422.

143 2785 174 2829 (5)
190 2785 240 2820 Cod.
253 2794 290 2821 ms.
305 2786 340 2821 cit.
353 2784 390 2820 foi.
404 2784 422 2825 5,
437 2783 474 2820 col.
488 2785 515 2819 2:
528 2797 535 2816 c
545 2784 597 2819 sunt
608 2783 663 2819 XIX
677 2792 732 2829 quac
744 2784 782 2820 soii
795 2791 907 2820 concessae
919 2784 970 2820 sunt

116 2842 204 2877 Summo
213 2840 336 2878 Pontifici...
350 2832 390 2877 nisi
402 2840 449 2890 quis
460 2841 577 2875 studiosius
593 2841 685 2876 voluerit
701 2841 855 2885 indagare...u;
868 2839 970 2882 interiila

115 2897 269 2935 nominantur:
284 2911 291 2929 1
302 2896 467 2947 dispensationis
481 2896 628 2945 indulgentiae
637 2909 651 2938 u.
