2139 3277
365 217 398 246 DE
404 216 600 247 DISPENSATIOllE
609 216 635 245 ΙΝ
641 215 706 247 voro
733 202 735 204 ’
924 201 968 245 217

129 315 176 360 Alii
194 329 234 359 eos
252 317 439 373 sequuntur.(1),
458 318 500 360 sed
516 321 614 362 textum
632 315 773 360 decretalis:
792 315 903 370 «Papam
921 325 968 359 non

99 395 168 438 posse
176 382 300 438 indulgere
309 385 431 428 licentiam
441 399 449 421 r
458 385 495 427 ita
506 385 628 438 explicant
639 387 666 426 nt
676 383 710 425 ibi
721 386 808 437 agatur
819 383 847 426 de
856 383 969 426 inconve-

98 450 196 500 nientia,
212 461 260 496 non
274 463 331 494 vero
347 452 376 493 de
390 450 544 495 invaliditate
559 450 751 505 dispensationis.
815 499 819 502 ,
879 475 881 479 >

128 515 149 558 7.
168 517 280 560 Collectio
296 517 436 561 authentica
449 520 474 558 et
488 517 610 560 exclusiva
625 514 786 560 Decretalium
802 516 907 570 Gregorii
924 515 968 565 IX,

99 595 160 626 anno
179 582 239 626 1234
255 583 386 637 publicata,
405 584 498 626 litteras
517 584 647 625 (lecretalcs
664 582 794 642 Alexandr}
823 583 860 625 ΠΙ
879 583 967 631 omisit,

98 649 184 703 quibus
204 650 356 694 subdiaconis
375 650 497 694 interdum
517 649 688 703 indulgebatur
708 650 889 693 matrimonium
900 663 906 698 ;
928 651 968 690 de-

98 717 209 759 cretalem
223 719 304 760 autem
318 716 451 761 innocentii
466 716 511 766 ΙΙΙ,
538 729 586 769 qua
600 716 746 769 dispensatio
759 717 784 760 in
796 719 854 758 vote
868 716 967 758 solemni

97 778 267 835 denegabatur,
283 783 391 825 retinuit.
409 783 467 826 Inde
483 783 573 835 priores
589 784 789 825 commentatores
806 781 967 825 Decretalium

97 847 201 901 Gregorii
225 847 261 889 IX
283 847 415 902 rigidiorem
437 848 565 890 doctrinam
588 847 751 902 Huggucionis
772 852 904 893 resumunt.
928 848 967 892 lta

24 936 26 939 ν
99 914 259 956 Ravennatis
268 928 297 957 ex
305 928 352 959 una
361 919 430 969 parte
439 914 519 969 Papae
534 917 637 969 denegat
650 917 798 969 potestatem
813 916 967 969 dispensandi

95 980 120 1026 in
134 984 192 1023 voto
209 982 336 1030 castitatis,
353 997 362 1019 c
373 982 430 1035 quia
444 981 548 1024 redditio
564 981 616 1023 voti
632 984 668 1023 est
685 981 712 1023 de
727 981 778 1023 iure
794 982 899 1024 naturali
916 981 966 1023 sive

96 1046 183 1096 divino,
200 1046 262 1089 cirea
276 1047 340 1101 quod
354 1058 402 1092 non
417 1047 569 1099 dispensatur
579 1062 594 1096 l),
614 1059 642 1088 ex
657 1047 732 1089 altera
745 1049 827 1092 tamen
842 1050 909 1100 parte
925 1048 966 1090 ad-

95 1113 172 1153 mittit
187 1113 391 1166 dispensationem
404 1114 429 1156 in
442 1113 507 1163 rotis
521 1114 672 1161 voluntariis,
706 1117 801 1166 praeter
815 1117 901 1158 votum
916 1127 966 1156 cas-

93 1178 181 1228 titatis,
194 1191 203 1214 c
218 1172 275 1233 quia
290 1179 388 1229 ibinon
404 1182 439 1221 est
456 1179 603 1236 dispensatio
620 1180 661 1221 sed
676 1181 774 1222 tantum
789 1180 847 1222 iuris
864 1181 968 1223 declara-

94 1245 127 1287 tio
138 1260 147 1283 »
159 1244 201 1299 (2).
214 1245 300 1298 Arguit
312 1246 374 1289 enim
386 1259 391 1286 :
403 1262 411 1283 c
422 1248 541 1299 quantum
554 1247 584 1288 ad
596 1245 643 1289 alia
655 1244 723 1298 (Vota
735 1257 820 1299 nerripe
832 1247 966 1300 peregrina·
1030 1255 1043 1305 j

93 1312 173 1362 tionis.
188 1311 245 1365 etc.)
259 1312 378 1365 distinguo
393 1315 473 1354 utrum
486 1324 578 1354 vovens
591 1312 731 1366 simpliciter
745 1315 769 1353 et
780 1313 966 1356 indeterminate

92 1377 206 1428 vovebat,
226 1390 268 1420 nec
287 1378 442 1427 excludendo,
462 1390 505 1423 nec
523 1378 666 1421 includendo
687 1379 857 1422 auctoritatem
875 1379 964 1433 Papae,

94 1455 136 1486 nec
166 1444 194 1486 de
208 1444 259 1497 ipso
274 1444 336 1486 torte
351 1444 496 1496 cogitando;
512 1447 555 1487 aut
570 1444 736 1490 determinate·
762 1445 790 1487 ln
804 1446 880 1498 primo
896 1459 959 1495 casu,

93 1513 174 1563 potest
185 1511 267 1553 venire
281 1505 371 1559 contra,
387 1511 532 1553 auctoritate
545 1510 633 1564 Papae,
648 1511 704 1563 quia
717 1511 777 1553 talia
789 1515 848 1554 vota
860 1522 924 1566 vaga
940 1515 965 1554 et

91 1576 279 1621 indeterminata
288 1576 407 1630 recipiunt
416 1577 641 1630 interpretationem
653 1590 665 1619 a
674 1577 733 1618 iure.
746 1576 773 1619 In
783 1579 886 1622 secundo
898 1591 962 1628 casu,
990 1615 991 1618 ,

35 1648 37 1651 ⁴
92 1643 111 1685 si
125 1643 269 1687 intendebat
285 1657 308 1686 se
325 1643 469 1696 obligarem
485 1655 580 1687 omnem
597 1645 717 1693 eventum,
743 1643 871 1688 indiscrete
886 1646 963 1689 vovit.

94 1709 193 1752 Consule
214 1710 379 1762 tamenquod
406 1709 518 1751 observet
537 1710 582 1752 nisi
603 1722 632 1751 ex
653 1708 821 1756 observatione
839 1712 965 1756 immineat

91 1775 223 1829 periculum
238 1776 322 1818 mortis
337 1788 394 1817 suae
408 1776 447 1817 vel
462 1776 577 1823 alterius3
592 1778 659 1828 tane
675 1776 739 1818 nullo
755 1778 827 1820 modo
841 1780 964 1822 teneretur

91 1842 147 1897 quia
164 1845 283 1896 quantum
300 1842 329 1884 ad
344 1842 410 1884 illam
423 1845 516 1894 partem
529 1845 594 1884 esset
609 1842 721 1886 illicitum
733 1841 787 1896 »(3).
805 1842 964 1899 Raymundus

90 1908 186 1964 insuper
200 1909 270 1950 reicit
284 1908 472 1961 redemptionem
488 1911 512 1949 et
527 1908 742 1951 comrmrtationem
764 1909 816 1950 voti
833 1912 962 1960 castitatis,

91 1975 120 2016 ob
128 1976 247 2017 rationem
257 1974 397 2028 aprioribus
406 1974 571 2016 Decretalistis
579 1975 627 2017 iam
637 1975 726 2023 datam,
737 1987 810 2027 quam
820 1975 848 2018 ab
859 1976 961 2030 Hugoue

92 2054 104 2084 a
116 2040 138 2082 S.
151 2040 247 2082 Victore
258 2043 437 2089 mutuaverant,
450 2042 508 2095 quia
519 2048 527 2079 i
538 2041 580 2082 vix
591 2042 629 2082 vel
640 2053 772 2095 numquam
783 2046 865 2095 posset
876 2044 961 2086 melius

90 2107 191 2151 inveniri
199 2107 224 2150 in
233 2108 297 2163 quod
305 2107 375 2148 fieret
384 2109 542 2150 commutatio
553 2123 561 2145 a
573 2107 615 2160 (4).
626 2106 777 2149 Gorrnnuus
785 2120 819 2149 DE
828 2109 915 2151 Tauno
928 2109 962 2164 (5)
1027 2146 1029 2148 ,

119 2302 149 2347 (1)
165 2301 198 2337 Gi.
212 2303 258 2338 ord.
272 2303 333 2339 adv.
347 2301 435 2344 adnexa,
449 2310 466 2338 c.
481 2301 501 2344 6,
514 2301 543 2338 X.
561 2302 590 2335 De
602 2302 660 2337 statu
673 2301 830 2344 monachorum,
846 2300 933 2343 111‚35.

119 2359 149 2403 (2)
165 2358 261 2401 Summa,
271 2358 295 2395 L.
309 2359 325 2401 Ι,
335 2359 371 2394 tit.
383 2358 402 2400 8,
417 2358 426 2400 ἓ
436 2358 447 2392 3
459 2359 482 2392 et
492 2358 510 2393 9.
521 2377 550 2382 —
571 2358 707 2394 Contradicit
716 2358 792 2392 tamen
804 2357 835 2393 Io.
847 2357 963 2392 Hispanus

89 2423 119 2449 un
131 2415 268 2462 ‘Pnrnsntta
281 2416 304 2451 in
319 2423 358 2452 sua
371 2414 459 2450 Summa
473 2414 624 2449 decretalium:
639 2414 751 2456 «Quidem
766 2414 833 2450 etiam
848 2413 925 2448 dicunt
938 2415 961 2449 in

91 2471 142 2507 voto
159 2479 241 2516 papam
257 2480 300 2507 non
315 2479 378 2516 posse
395 2472 526 2516 dispensare,
544 2471 581 2505 sed
597 2465 650 2505 istos
667 2471 764 2516 desipere
780 2469 936 2515 comprobatur
946 2483 962 2506 i.

90 2529 129 2564 Ms.
142 2528 179 2564 cit.
191 2527 242 2565 Vat.
254 2527 293 2564 lat.
305 2537 326 2563 n.
338 2526 401 2569 2343,
413 2527 449 2563 tol.
462 2527 517 2562 1491.

118 2583 149 2628 (3)
165 2583 260 2625 Summa,
271 2583 295 2620 L.
309 2583 325 2625 Ι,
335 2584 372 2620 tit.
385 2582 403 2626 8,
418 2584 427 2626 ξ
438 2583 457 2619 9.
468 2603 496 2608 —-
520 2583 588 2618 Huco
599 2590 615 2617 A
624 2582 645 2619 S.
656 2583 767 2625 Vraronn,
781 2581 812 2616 De
823 2584 962 2618 sacramentis

89 2640 148 2684 fidei,
158 2638 224 2681 MPL,
234 2639 250 2675 t.
261 2638 308 2683 176,
318 2641 357 2676 col.
367 2639 414 2676 519.

118 2696 149 2741 (4)
159 2695 220 2730 'ibid
240 2695 299 2741 Nota
317 2696 339 2730 in
357 2695 423 2730 textu
441 2695 569 2739 Raymundi
583 2694 680 2730 -verbum
698 2708 705 2727 κ
716 2695 902 2738 dispensationem
911 2708 919 2727 a
938 2696 961 2730 et

90 2751 302 2788 «commutationem
312 2765 320 2783 »
332 2753 455 2796 promiscue
468 2751 576 2787 adhiberi.
864 2782 865 2785 ,

118 2808 149 2853 (5)
164 2809 260 2849 Summa,
271 2809 299 2846 ad
308 2807 344 2845 tit.
357 2808 389 2842 De
399 2809 443 2842 uoto
454 2809 475 2842 et
484 2809 527 2843 acti
537 2806 678 2850 redemptione
688 2816 693 2840 ι
703 2820 710 2838 c
721 2806 810 2843 Praeter
820 2807 898 2842 votum
909 2817 960 2844 con-

90 2863 182 2900 tinentie
191 2865 213 2899 in
224 2874 265 2908 quo
277 2864 396 2909 dispensari
405 2874 448 2900 non
456 2864 539 2908 potest,
549 2863 575 2898 ut
584 2872 602 2899 c.
613 2862 632 2905 6,
642 2863 670 2898 X.
682 2861 722 2907 III,
734 2862 767 2905 35,
784 2864 844 2907 quod
852 2863 899 2898 ideo
910 2873 961 2900 con-

89 2919 156 2963 angit
162 2921 214 2965 quia
220 2921 258 2956 vix
264 2919 526 2967 aliquidpossetinvenlri
533 2921 555 2955 in
562 2929 604 2964 quo
613 2918 701 2953 deberet
707 2919 799 2956 castitas
806 2920 936 2955 commutari
945 2934 960 2957 a.
