2139 3277
180 204 214 233 DE
228 202 421 234 DISPENSATIONE
438 203 464 233 IN
480 204 537 234 IURE
552 202 676 233 NATURALI
692 202 718 232 IN
734 183 831 232 GENERE
923 188 966 232 201

90 307 190 352 batur.
210 308 444 363 Prima'tepistnrum
457 308 498 363 (1),
519 310 593 353 altere
613 307 793 357 canonistarum,
814 322 844 350 ex
863 307 964 349 Decreto

111 374 219 419 Gratiani
234 376 376 429 desumpta:
389 393 398 415 t<
410 375 449 417 Ius
462 376 570 418 naturale
583 376 720 420 continetur
732 375 756 418 in
769 375 832 428 Lege
845 376 870 416 et
883 374 962 417 Evan-

109 441 169 494 gelio
179 456 195 489 11,
216 443 278 496 quod
297 441 415 495 principia
432 441 532 485 moralia
550 442 634 484 saltem
653 441 748 490 attinet,
768 441 870 483 exclusis
889 453 966 483 caere-

108 507 260 551 monialibus.
286 508 348 549 illud
369 508 407 559 ius
430 519 483 548 cum
507 507 646 550 Decretistis
667 508 833 550 indifferenter
853 507 965 551 naturale

109 577 133 616 et
148 574 257 617 divinum
271 577 360 617 vocant
372 573 414 627 (2).
430 573 545 617 Naturale
559 574 604 626 ipsi
620 573 742 626 appellant
757 575 820 628 qnod
835 586 878 617 nos
892 574 964 616 hodie

108 640 267 684 vocamusins
278 640 388 684 divinum
398 639 530 693 positivum
541 653 546 687 ;
558 639 594 681 ius
605 651 661 681 vero
673 639 803 691 positivum
814 639 964 682 communius

109 706 249 759 intelligunt
263 706 396 750 humanum
410 709 507 749 tantum
520 705 561 759 (3).
578 705 601 747 Si
616 705 715 758 quidam
728 705 766 746 ius
780 706 890 748 naturale
905 720 919 748 a
930 707 964 748 di-

108 772 165 817 vino
181 772 333 825 distinguunt
346 771 387 826 (4),
402 775 460 814 tunc
476 771 628 814 audientius
642 772 752 814 naturale
764 785 768 812 :
782 787 791 808 r
800 772 865 824 quod
878 775 964 817 natura

109 839 187 882 omnia
195 839 306 882 animalia
314 839 396 880 docuit
405 854 420 888 1,
433 839 504 886 etius
516 838 623 880 divinum
634 852 639 880 :
650 854 658 874 1
666 839 729 891 quod
739 837 763 881 in
776 837 835 890 Lege
847 841 871 879 et
883 838 962 882 Evan-

108 904 167 958 gelio
182 905 342 949 continetur».
360 905 461 956 Quidam
477 905 553 948 adhue
567 904 700 949 terrentius
715 904 854 947 carionicum
870 905 900 947 ad
923 905 961 948 ius

109 971 217 1015 divinum
236 972 352 1025 pertinere
365 970 406 1025 (5).

208 1153 218 1204 ξ
231 1150 251 1192 3.
264 1175 294 1180 -—
307 1148 419 1191 Doctrina
433 1149 637 1191 Decretnlistnrum
650 1150 676 1191 de
689 1150 860 1203 dispensatione

357 1216 381 1257 in
397 1217 445 1259 iure
458 1216 564 1258 nnturuli
578 1217 602 1258 in
616 1228 693 1269 periere

139 1335 185 1380 Ubi
201 1335 372 1378 Decretalistne
386 1335 512 1389 inquirunt
529 1336 556 1377 de
573 1336 749 1388 dispensatione
758 1336 782 1378 111
791 1336 841 1378 iure
852 1338 963 1387 naturali,

108 1403 167 1444 illud
180 1402 318 1455 intelligunt
331 1403 461 1445 secundum
475 1402 538 1444 hunc
554 1402 671 1459 duplicem
685 1414 779 1445 sensum
794 1415 865 1457 quem
880 1404 962 1448 statim

109 1481 180 1525 supra
201 1468 374 1526 descripsimus.

132 1653 163 1697 (1)
179 1652 210 1688 Cf.
222 1662 294 1697 supra,
304 1662 325 1697 p.
338 1654 384 1687 123.
397 1651 552 1690 Decretalistae
563 1652 655 1687 utuntur
665 1653 791 1696 praesertim
801 1655 900 1691 textibus
910 1657 962 1692 iuris

104 1710 205 1750 Romani,
228 1710 250 1743 in
262 1710 341 1754 quibus
352 1709 497 1753 aequiparant
509 1709 542 1744 ius
553 1708 652 1744 naturale
664 1709 705 1744 iuri
717 1711 821 1753 gentium.
851 1711 962 1748 Innocuu-

105 1775 154 1800 Trus
166 1765 202 1808 IV,
214 1775 231 1801 o.
243 1774 267 1806 c.‚
279 1767 305 1810 gl.
317 1766 346 1799 ad
356 1776 376 1801 v.
389 1775 438 1809 pune
451 1767 480 1807 in,
492 1775 508 1800 1.
522 1766 540 1807 7,
552 1765 578 1801 X.
592 1765 622 1799 De
634 1766 827 1809 constitutionibus,
841 1767 858 1809 Ι,
870 1769 881 1803 2
893 1780 897 1805 ;
909 1783 916 1801 <r
928 1768 963 1805 Ius

104 1823 178 1859 autern
191 1821 317 1857 1111111111.
332 1831 349 1856 e.
364 1822 468 1865 gentium,
482 1831 525 1857 non
536 1821 611 1865 potest
623 1821 698 1856 tollere
710 1822 733 1857 in
745 1823 817 1857 totum
830 1824 863 1858 ius
877 1822 961 1863 civile...

105 1880 131 1914 de
140 1879 186 1913 11111
195 1879 270 1914 autem
280 1877 375 1913 naturali
386 1878 430 1914 dixi
441 1878 536 1912 dominia
546 1878 573 1912 ad
583 1878 657 1921 aliqua
667 1879 780 1922 periinere,
801 1880 814 1915 i.
828 1888 844 1916 e.
868 1881 894 1916 de
916 1882 961 1917 iure

104 1935 209 1980 gentium,
221 1936 278 1979 quod
290 1934 368 1969 dicitur
379 1935 485 1975 naturale,
516 1935 567 1979 qnia
577 1934 673 1970 naturali
682 1936 766 1969 ratione
778 1936 894 1972 inductum
905 1939 938 1972 est
948 1952 962 1975 1,

105 1992 135 2027 Ci.
151 1992 218 2026 etiam
231 1992 369 2025 Bnunsnuus
385 1991 596 2033 Coirposrmrnos
612 1991 748 2026 Hosnrunsrs
765 1993 785 2026 11
802 1991 833 2028 Ie.
849 1985 961 2030 Auonuru

42 2055 45 2060 .
145 2048 164 2084 IL
180 2048 193 2083 l·
911 2055 912 2058 ,

105 2049 163 2149 ad(2)
180 2103 261 2138 Textus
273 2103 324 2137 iuris
339 2103 407 2138 civilis
420 2104 485 2138 sunt:
501 2102 553 2138 Inst.
569 2097 599 2137 De
615 2103 658 2137 iure
672 2102 775 2146 naturali,
791 2103 806 2146 Ι,
821 2105 868 2146 2,1.
884 2106 902 2154 ¹1
928 2107 962 2149 §d

104 2162 126 2194 et
138 2160 164 2203 D,
178 2160 210 2195 De
222 2159 400 2201 instruentum,
415 2159 430 2201 Ι,
444 2159 462 2202 1,
475 2159 488 2195 l.
502 2159 520 2195 9,
535 2158 564 2194 Ct.
577 2160 726 2202 Rsvuunous,
739 2169 755 2195 o.
769 2169 793 2202 1.,
805 2160 829 2197 L.
844 2161 860 2197 1.
873 2162 907 2199 tit.
922 2163 962 2199 15:

104 2230 111 2249 1
123 2215 158 2251 Ius
169 2216 244 2252 autem
254 2216 353 2251 naturaie
364 2223 402 2250 seu
413 2215 510 2251 divinum
530 2216 562 2249 est
572 2216 689 2260 praecepta
700 2225 736 2250 seu
747 2216 904 2260 prohibitiones
917 2219 961 2255 Do-

104 2272 163 2309 mini,
173 2284 181 2303 11
193 2271 338 2313 Hosrrunsrs,
350 2271 445 2313 Lecturn⁷
457 2271 485 2315 gl.
498 2272 526 2306 ad
538 2281 558 2307 v.
571 2274 685 2315 erempozs,
699 2282 715 2308 c.
729 2272 762 2314 21,
770 2271 802 2307 X.
826 2274 857 2307 De
869 2273 973 2317 decimis*

106 2328 147 2370 ΙΙΙ,
156 2328 181 2364 30
192 2338 196 2362 :
206 2340 213 2359 1
224 2328 279 2362 Nam
288 2328 328 2362 hoc
337 2329 477 2373 praeceptum
486 2329 519 2362 est
528 2328 553 2362 de
561 2327 606 2362 iure
615 2328 711 2364 naturali
719 2329 752 2364 ie
764 2330 835 2364 divino
846 2332 905 2374 quod
924 2331 963 2366 im-

72 2381 74 2384 ’
104 2384 210 2426 mutabile
222 2384 335 2429 permanet
344 2397 358 2420 1,
449 2385 451 2389 ’
583 2391 586 2395 ’

131 2441 161 2485 (3)
177 2441 321 2483 Hosrrnnsrs,
331 2440 427 2482 Lectum,
437 2440 464 2483 gl.
475 2440 503 2474 ad
514 2450 531 2475 1.
544 2439 561 2481 1,
572 2439 600 2476 X.
613 2440 643 2474 De
655 2440 781 2483 loramento,
794 2440 822 2484 ΙΙ,
835 2442 852 2478 7,

132 2497 162 2541 (i)
178 2494 320 2539 (1111111113,
337 2497 365 2532 ad
380 2496 414 2532 tit.
427 2496 450 2529 cte
460 2496 592 2530 Haereticis:
609 2509 616 2528 1
626 2496 690 2532 Nullo
700 2496 746 2531 iure
757 2499 849 2545 prossunt
859 2498 964 2535 haeretiei

103 2553 219 2598 possidere,
235 2561 274 2588 nee
287 2554 333 2588 iure
348 2552 449 2593 naturali,
464 2561 503 2587 nec
517 2553 562 2587 iure
577 2553 657 2589 (livino.
675 2552 722 2588 Iure
736 2552 830 2588 naturali
845 2564 895 2597 111111,
912 2557 962 2600 quia

105 2611 224 2645 secundum
235 2609 287 2644 illud
298 2610 371 2644 omnia
383 2610 433 2644 sunt
445 2609 581 2651 communia3
593 2618 632 2643 nee
642 2610 688 2644 iure
700 2610 779 2650 divino,
792 2612 849 2645 uude
861 2611 907 2654 ipse
919 2613 962 2648 Do-

104 2667 189 2701 minus:
202 2666 313 2701 auferetur
324 2675 337 2700 a
349 2666 410 2700 vobis
422 2674 519 2709 regnum,
546 2665 567 2698 et
580 2666 667 2700 clabitur
679 2665 737 2709 genti
749 2666 838 2701 facienti
851 2667 960 2705 tructus»,

132 2723 162 2767 (5)
178 2722 305 2766 Sequuntur
313 2721 336 2756 in
344 2723 385 2756 hoc
395 2722 505 2757 Sicordum
515 2722 671 2756 Cremonensem
681 2731 685 2755 2
696 2722 722 2757 11.
732 2730 803 2766 supra,
813 2731 834 2767 p.
846 2723 893 2760 125.
904 2724 963 2759 Hos—

103 2788 198 2820 11111111,
207 2779 303 2820 Lccturo,
313 2777 340 2821 gl.
350 2778 379 2812 ad
388 2788 405 2814 c.
416 2777 434 2819 1,
445 2778 471 2813 X.
483 2777 514 2812 Dc
525 2777 652 2819 iuramento,
664 2777 692 2818 ΙΙ,
704 2778 714 2812 7
725 2788 729 2813 t
739 2791 746 2808 1
756 2778 814 2813 Nota
825 2780 884 2823 quod
894 2782 963 2816 omnis

102 2834 138 2869 lex
149 2835 172 2870 in
183 2835 237 2872 haee
249 2835 290 2871 duo
304 2834 403 2871 membra
415 2834 520 2869 dividitur
532 2834 557 2868 ut
568 2833 603 2869 hic
614 2835 698 2879 patet...
712 2834 753 2869 Sed
765 2835 848 2870 certum
861 2838 894 2870 est
906 2838 964 2881 quod

104 2889 139 2925 lex
149 2891 252 2929 canonica
262 2900 305 2928 non
316 2891 350 2925 est
360 2891 461 2933 humane,
474 2898 521 2934 crgo
533 2890 564 2924 est
574 2890 655 2937 divina,
667 2891 687 2924 et
698 2891 736 2926 sub
747 2890 856 2936 theologia
870 2901 965 2939 compre.

105 2946 208 2982 uenditor
216 2960 231 2985 1,
499 2944 501 2946 ’
919 2941 921 2946 ’
