2182 3277
138 206 168 249 74
206 224 240 254 DE
252 225 314 255 DISP.
330 224 345 255 Α
358 224 471 255 DECRETO
487 219 603 255 GRATIANI
617 225 650 255 AD
666 219 781 262 GLOSSA‘M
796 225 955 257 ORDINARIAM

468 419 469 422 =
496 392 597 437 CAPUT
613 395 623 438 I

217 520 342 563 Doctrina
360 521 483 565 Gratiani
501 523 570 567 circa
588 525 723 568 notionem
741 525 949 581 dispensationis
972 542 974 544 ’

169 731 189 774 1.
208 732 235 774 ln
251 732 386 778 definiendo
404 727 603 789 dispensationem
615 735 648 790 (1)
665 736 797 779 Gratianus
814 749 860 793 non
876 736 965 779 recedit
980 749 993 779 a

138 799 250 841 doctrina
260 802 360 853 recepta.
375 800 499 842 Notionem
514 802 573 843 enim
588 802 670 844 retinet
684 792 777 843 omnino
791 793 924 856 eenerelem.
940 802 992 845 Dis·
1021 810 1025 814 ’·

137 866 300 918 pensationem
316 870 387 909 vocat
403 868 591 912 «relaxationem
607 869 688 922 rigoris
706 870 843 923 disciplinae
859 882 889 911 ex
904 869 993 911 miseri-

138 931 235 974 cordia»
247 930 286 983 (2),
308 932 345 973 νε]
365 937 562 987 «praeceptorum
585 935 750 992 canonicorum
772 935 947 978 mutilationem
968 937 991 976 et
1014 965 1016 967 »

136 997 306 1040 relaxationem
321 1010 350 1039 ex
364 999 469 1047 utilitate
484 1001 521 1042 vel
537 1002 676 1044 necessitate
692 1001 829 1044 Ecclesiae»
841 1000 882 1055 (3),
898 1001 953 1043 vel«
963 1001 992 1042 11-

135 1063 198 1116 goris
211 1063 379 1106 relaxationem
393 1065 491 1108 alicuius
505 1067 680 1114 constitutionis
693 1068 732 1109 νε]
745 1067 920 1110 consuetudinis
929 1082 938 1105 1
950 1065 990 1120 (4),

136 1130 172 1172 ita
192 1125 424 1183 ut'compre'hendat
445 1144 538 1174 omnem
558 1133 717 1176 mutationem
737 1134 794 1175 iuris
814 1134 938 1176 existentis
950 1132 989 1186 (5),
1062 1144 1064 1146 ’

136 1196 209 1239 etiam
221 1207 272 1238 eam
285 1208 345 1253 quae
356 1196 387 1238 iit
399 1209 440 1253 per
452 1197 631 1253 abrogationem·
641 1200 681 1241 νε]
694 1200 869 1254 derogationem
881 1200 937 1252 legis
950 1198 989 1252 (6).
1006 1245 1008 1247 ,

164 1394 194 1439 (1)
210 1396 325 1435 Gratianus
340 1400 385 1443 agit
399 1401 425 1434 de
439 1401 595 1444 dispensatione
608 1401 630 1436 in
651 1398 748 1444 pluribus
763 1399 825 1435 dictis
838 1400 861 1434 et
874 1395 989 1436 auctorita-

135 1452 195 1487 tibus
204 1453 226 1488 in
237 1462 324 1498 corpore
336 1455 421 1490 Decreti
432 1457 518 1501 sparsis,
527 1457 640 1503 praecipue
647 1458 724 1491 tamen
734 1455 756 1490 in
768 1465 785 1491 o.
797 1455 851 1498 6-23,
872 1456 893 1491 C.
907 1454 923 1497 I,
935 1464 957 1498 q.
969 1452 988 1494 7,

135 1508 173 1542 11111
183 1510 295 1546 examinat
305 1524 313 1543 (l
322 1520 350 1558 an
361 1513 487 1549 renuntians
500 1521 550 1555 suae
562 1513 643 1548 haeresi
655 1512 683 1547 sit
694 1512 827 1555 recipiendus
839 1512 862 1546 in
874 1507 989 1555 episcopali

136 1564 241 1622 dignitate
250 1577 271 1609 »ς
282 1567 357 1602 deinde
366 1568 388 1603 in
397 1567 459 1613 longo
470 1569 526 1604 dicto
538 1569 596 1604 Grat.
605 1580 626 1614 p.
637 1578 654 1603 c.
666 1568 698 1610 16,
710 1568 730 1603 C.
741 1567 812 1611 XXV,
822 1568 864 1611 qn,
875 1567 988 1609 1111100εᾶ-

135 1621 193 1656 sione
206 1621 295 1663 alicuius
308 1624 452 1673 contentionis
461 1626 488 1659 de
498 1624 583 1660 decimis
596 1625 652 1659 inter
660 1624 775 1659 monachos
790 1625 811 1659 et
823 1623 910 1658 clericos
924 1621 987 1657 ecele-

135 1677 178 1714 siae
191 1677 334 1723 baptismalis,
347 1679 438 1724 inquirit
451 1682 478 1716 de
491 1681 621 1718 auctoritate
635 1681 661 1715 R.
676 1680 788 1715 Pontiiicis
802 1680 933 1715 concedendi
945 1677 987 1727 pri-

133 1733 212 1777 vilegia
223 1736 427 1780 etdispensationes
437 1738 555 1772 contraius
567 1744 679 1771 commune
689 1747 693 1778 ;
705 1736 777 1779 tertio,
788 1737 810 1771 in
821 1737 873 1771 dict.
887 1735 946 1771 Grat.
958 1734 986 1771 ad

90 1788 91 1791 ’
135 1791 162 1826 D.
174 1789 239 1834 XIII,
250 1793 271 1827 et
281 1793 308 1829 D.
319 1792 378 1836 XIV,
388 1792 426 1827 ubi
435 1792 545 1830 examinat
555 1793 661 1842 quomodo
675 1792 784 1828 firmitate
798 1801 834 1827 seu
845 1790 986 1828 immutabili-

117 1847 181 1881 tate
195 1845 228 1882 ius
242 1848 340 1884 naturale
353 1858 366 1885 a
378 1849 424 1883 iure
438 1848 598 1884 constitutionis
613 1850 634 1883 et
648 1848 810 1883 consuetudinis
825 1848 928 1890 differat3
952 1847 986 1881 de-

134 1911 193 1939 mum
207 1897 275 1954 1111111).
290 1905 313 1948 L,
327 1905 365 1940 uhi
378 1905 449 1940 varias
462 1906 602 1943 auctoritates
616 1904 696 1948 allegat
709 1904 737 1939 ad
750 1904 886 1948 probandum
900 1903 985 1939 clerioos

89 2004 92 2008 .
134 1959 205 2004 lapsos
215 1960 238 1995 vi
249 1961 414 2006 dispensationis
425 1969 486 2005 posse
497 1969 593 1996 exercere
604 1960 688 1995 ordines
698 1961 802 2005 receptos.
859 1988 861 1991 ,
1004 1969 1006 1971 ·

161 2014 191 2059 (2)
206 2016 263 2052 Dict.
274 2017 333 2054 Grat.
343 2026 364 2066 p,
375 2026 392 2054 c¹
404 2017 422 2059 5,
433 2018 454 2053 C.
466 2017 483 2062 I,
493 2027 513 2061 q.
523 2018 541 2054 7.
552 2018 618 2061 Leges
628 2015 784 2054 ecclesiasticae
793 2017 910 2058 servandae
920 2016 984 2050 sunt:

133 2085 141 2103 1
151 2071 191 2106 nisi
201 2072 256 2116 rigor
267 2070 391 2118 disciplinae
402 2074 531 2117 quandoque
541 2073 649 2108 relaxetur
661 2080 687 2108 ex
698 2072 856 2117 dispensatione
867 2071 985 2107 misericor·
1006 2084 1008 2086 ·
1035 2096 1041 2102 11

133 2128 189 2162 diae.
206 2128 322 2164 Multorum
338 2130 394 2164 enim
410 2129 498 2164 crimina
513 2131 563 2165 sunt
578 2122 716 2172 damnabilia,
733 2136 787 2172 quae
801 2130 875 2163 tamen
890 2127 985 2163 Ecclesia

132 2183 232 2220 tolerat...
246 2184 301 2220 sicut
314 2184 416 2227 Gelasius,
429 2186 526 2229 quicum
538 2185 665 2221 necessitate
676 2184 779 2228 temporis
791 2185 875 2219 viderat
889 2183 984 2219 Italicam
1036 2200 1038 2204 ·

131 2240 241 2275 ecelesiam
253 2242 340 2285 propter
356 2241 407 2277 belli
418 2232 523 2285 famisque
535 2242 676 2276 incursionem
688 2240 732 2277 tere
744 2241 839 2275 omniurn
859 2238 984 2275 elericorum
1044 2239 1045 2242 ’

132 2296 204 2331 officio
219 2297 354 2341 destitutam,
368 2297 464 2340 adeoque
478 2291 504 2331 ut
516 2292 621 2346 plerisque
634 2289 722 2341 populis
734 2296 830 2331 subsidia
842 2296 983 2340 regendarum

133 2354 230 2388 deessent
240 2353 366 2396 animarum,
378 2354 482 2388 concessit
494 2353 518 2387 de
529 2353 638 2390 monachis
657 2352 691 2387 νε]
702 2352 728 2387 de
738 2351 796 2387 laicis
808 2347 893 2388 clericos
904 2352 985 2390 assumi

131 2410 192 2453 (quin
202 2409 335 2454 proindelex
346 2410 373 2456 de
382 2409 511 2444 intersticiis·
518 2408 646 2453 servaretur)
656 2422 669 2443 1.

161 2465 191 2509 (3)
207 2466 263 2501 Dict.
275 2466 333 2503 Grat.
345 2475 366 2510 p.
378 2474 395 2501 o.
408 2464 440 2508 23,
453 2466 474 2502 C.
488 2465 504 2507 I,
515 2476 535 2510 q.
547 2466 565 2502 7.

160 2521 190 2565 (4)
205 2522 261 2558 Dict.
270 2521 329 2557 Grat.
338 2531 358 2566 p,
368 2531 384 2557 e.
395 2521 413 2563 1,
422 2522 447 2558 D.
457 2521 516 2557 XIV.
527 2523 557 2558 Ci.
567 2521 631 2556 etiam
640 2521 691 2556 dict.
703 2520 762 2557 Grat.
780 2530 798 2556 a.
808 2529 825 2557 c.
834 2520 866 2556 13.
874 2521 901 2555 D.
911 2519 983 2556 XVII.

159 2577 188 2621 (5)
205 2578 238 2613 Ita
248 2579 332 2622 quando
344 2577 458 2613 Gratianus
468 2578 496 2615 ad
506 2578 526 2615 C.
537 2578 630 2620 XXXV,
641 2586 661 2620 q.
672 2577 684 2612 8
694 2576 809 2612 contendit
818 2577 917 2620 coniuges
927 2576 984 2613 bona

61 2657 66 2663 v
130 2634 174 2669 tide
194 2634 329 2674 matrimonio
350 2635 477 2669 coniunctos
489 2634 511 2668 in
523 2634 582 2669 sexto
596 2634 618 2667 et
630 2633 720 2676 septimo
732 2633 801 2676 gradu
812 2641 855 2668 non
868 2641 912 2666 esse
924 2642 983 2676 sepa-

130 2690 208 2724 randos
222 2699 248 2724 ex
261 2690 419 2734 dispensatione
433 2689 545 2733 Ecclesiae,
560 2690 604 2733 agit
618 2690 644 2723 de
658 2689 792 2732 mitigatione
806 2688 898 2732 generali
910 2689 983 2732 rigoris

128 2746 181 2795 iuris
193 2745 318 2789 antiquioris
329 2746 419 2781 sednon
430 2746 455 2781 de
467 2746 623 2789 dispensatione
635 2753 672 2791 pro
683 2740 786 2789 'singulari
797 2753 853 2780 casu.
876 2744 906 2780 Gi.
919 2745 983 2779 Faui—
1006 2779 1012 2782 .

130 2810 208 2847 sumo.
220 2811 243 2844 a,
254 2812 274 2846 p.
286 2802 332 2837 403.

158 2856 189 2901 (6)
205 2857 234 2893 Gi.
248 2858 363 2900 stracten,
377 2857 453 2892 Arcem
465 2855 501 2901 sdr
513 2857 657 2893 Kainon-senes
670 2856 824 2899 Kirelienreeltt,
833 2856 850 2892 t.
864 2856 891 2891 77
904 2855 982 2901 (1897),
