2182 3277
137 198 179 251 100
245 222 280 251 on
298 215 531 253 Drspnnsnrronrnus
551 219 616 253 Aeni>
634 204 800 254 Dncnurrsrns

135 329 164 372 ah
177 343 202 372 eo
216 331 245 374 ad
258 342 328 386 quem
341 331 449 384 pertinet,
463 345 519 375 casu
532 345 579 388 quo
590 333 614 375 id
635 333 782 388 permittitur
795 347 808 376 a
819 332 875 375 iure.
890 332 980 374 Textns

131 396 169 437 ille
180 397 291 439 obscurus
300 397 336 440 ita
347 398 456 452 explicari
467 412 534 452 posse
544 393 645 451 uidetur,
669 403 696 442 ut
707 402 762 453 ag'at
773 400 840 443 unice
852 401 879 441 de
890 400 982 452 dispen-

133 463 221 506 satione
234 464 382 508 concedenda
394 465 422 507 ab
434 464 542 508 inferiore
555 465 583 509 R.
596 466 719 511 Pontificis
730 467 754 510 in
766 467 815 520 lege
827 465 984 508 ecclesiastica

132 530 231 581 generali
243 528 283 584 (1).
298 530 420 584 Hnguccio
432 532 457 574 in
469 531 521 586 ipsa
535 533 671 576 definitione
684 533 866 587 dispensationis
877 531 981 574 intendit

131 596 246 640 inculeare
263 598 384 651 episcopos
399 601 456 642 tunc
471 602 567 642 tantum
582 612 649 653 posse
664 601 798 654 dispensare
814 611 866 642 cum
880 599 982 641 facultas
1026 649 1028 653 Ι
1089 641 1090 644 ,

136 662 167 704 eis
181 677 194 706 a
204 663 254 705 iure
266 664 403 707 conceditur
414 663 581 720 (2)..Denique,
595 668 622 707 ut
634 667 718 709 clarius
730 667 864 710 innotescat
876 665 981 708 extensio

135 730 237 773 notionis
253 731 441 784 dispensationis,
457 732 522 776 illam
537 725 627 775 confert
641 744 694 775 cum
710 733 761 775 aliis
776 730 898 775 vocabulis
913 744 980 786 quae,

134 807 177 848 pro
190 808 253 840 more
265 810 315 846 suo,
329 811 343 840 a
355 797 406 840 Iure
418 797 525 842 Romano
538 799 689 852 deprompsit,
702 799 776 852 rigore
788 799 877 841 scilicet
888 802 912 841 et
922 799 979 840 iure.

134 862 198 906 lnira
208 874 303 917 agemus
312 865 341 905 de
350 863 393 907 hac
403 864 479 908 minus
489 865 612 918 perspicua
622 865 778 918 expositione..
792 878 852 919 quae
861 878 902 918 per
911 868 981 919 quat-

131 932 185 971 tuor
196 930 243 971 iere
255 930 348 972 saecula
360 942 373 973 a
384 930 512 975 canonistis
524 931 624 973 totidem
636 931 714 973 verbis
725 935 862 980 resumetur,
876 931 916 988 cui
925 943 980 973 con-

131 999 253 1039 nectentur
265 996 345 1039 variae
359 997 507 1051 quaestiones
520 997 671 1040 subsidiariae
685 998 750 1041 circa
757 998 794 1039 ius
820 993 849 1040 ad
863 997 981 1052 dispensa-

130 1061 218 1106 tionem
230 1062 270 1117 (3).
853 1112 855 1115 p

159 1129 180 1171 3.
197 1129 292 1173 Novum
314 1129 454 1173 elementum
473 1131 498 1176 in
520 1131 700 1185 dispensationis
721 1131 859 1174 definitione
879 1130 979 1174 inseruit

132 1193 239 1237 toranus
257 1196 414 1238 TEnronrcus
431 1198 455 1240 in
474 1198 551 1251 glossa
569 1198 685 1241 ordinaria
704 1197 813 1239 Decreti:
834 1198 978 1251 dispensatio

132 1264 193 1306 enim
203 1264 232 1306 ab
242 1276 268 1305 eo
279 1262 418 1304 describitur
428 1278 433 1305 :
442 1280 450 1302 e
459 1264 517 1306 iuris
527 1265 656 1312 communis
663 1264 778 1307 relaxatio
787 1265 852 1308 facta
867 1275 916 1304 cum
927 1275 979 1305 cnu-

132 1340 170 1371 sue
181 1328 306 1382 copniiione
317 1330 346 1372 ah
359 1342 391 1379 eo,
404 1330 445 1385 qui
454 1330 490 1372 ius
501 1331 575 1374 habet
585 1331 734 1384 dispensandi
744 1347 752 1368 r
764 1329 804 1384 (4).

163 1397 203 1438 lus
212 1408 335 1440 commune
345 1396 382 1438 hie
392 1398 505 1451 supponit
514 1410 555 1452 pro
566 1398 613 1450 lege
623 1397 756 1446 universim,
768 1408 823 1440 nam
832 1387 927 1440 euidens
937 1400 973 1439 est

129 1462 229 1515 glossam
244 1476 292 1506 non
307 1463 427 1505 excludere
443 1463 641 1518 dispensationem
654 1464 679 1506 in
692 1464 741 1506 iure
756 1463 900 1517 particulari.
924 1463 977 1507 Non

129 1529 188 1573 clare
208 1529 284 1585 liquet
303 1532 384 1571 utrum
403 1542 474 1573 necne
495 1531 594 1573 Ioannes
612 1530 687 1584 ipsam
708 1543 790 1573 causae
817 1530 975 1583 cognitionem

129 1595 237 1638 hahuerit
259 1598 375 1650 tanquam
398 1596 543 1639 delinitionis
565 1599 645 1640 notam
668 1597 821 1640 essentialem.
846 1596 975 1650 Opinamur

129 1666 209 1707 notam
220 1664 323 1718 positam
337 1663 366 1705 ad
378 1675 473 1718 scopum
484 1664 623 1718 practicum
634 1663 776 1717 impediendi
789 1655 871 1717 nempe
883 1674 911 1706 ne
924 1664 979 1705 sub·

129 1728 172 1770 diti
190 1730 356 1772 concluderent
373 1729 572 1783 dispensationem
589 1731 687 1772 tacitam
705 1729 776 1771 iuisse
795 1741 926 1773 concessam
946 1743 974 1772 ex

129 1796 175 1839 solo
193 1796 255 1839 iacto
274 1796 398 1850 superioris
413 1796 439 1841 in
456 1810 511 1840 casu
528 1797 663 1851 particulari
681 1811 694 1840 a
711 1797 760 1850 lege
778 1796 917 1840 declinantis
930 1796 971 1850 (5).

129 1861 193 1906 Haec
205 1876 288 1906 causae
300 1863 401 1916 cognitio
414 1866 428 1906 a
439 1863 515 1915 glossa
526 1865 556 1906 ad
567 1863 642 1918 ipsam
653 1864 774 1908 nationem
786 1863 969 1917 dispensationis

154 2057 184 2107 (1)
200 2057 248 2097 Cod.
260 2067 299 2097 ms.
309 2053 480 2097 otblfnatparts.
490 2059 528 2097 lat.
538 2071 559 2097 n.
571 2058 629 2103 3892,
640 2057 797 2103 totiatncoln.
809 2073 816 2091 n
826 2057 865 2095 Est
875 2067 922 2105 ergo
935 2061 977 2098 dis-

127 2117 222 2164 pensatio
234 2118 330 2153 canonici
339 2118 411 2161 rigoris
421 2118 447 2153 ab
459 2126 481 2152 eo
493 2118 552 2152 cuius
562 2118 650 2152 interest
658 2126 695 2162 pro
707 2118 783 2154 idonea
793 2125 856 2154 cansa
866 2115 923 2153 facta
944 2127 976 2152 re-

128 2175 216 2213 laxatio.
228 2175 263 2209 Fit
273 2175 345 2211 autem
355 2181 392 2218 pro
402 2174 455 2216 loco,
465 2182 503 2217 pro
513 2174 615 2217 tempore,
626 2183 663 2218 pro
673 2181 771 2217 persona,
781 2174 875 2217 pietatis,
885 2175 976 2209 necessi-

128 2232 179 2269 tatis
189 2231 227 2269 aut
236 2229 326 2265 casualis
336 2230 424 2265 eventus
434 2239 520 2267 causa...
531 2230 587 2264 Hinc
594 2231 667 2274 accipe
676 2230 733 2274 quod
743 2229 921 2272 dispensationem
931 2229 972 2271 duo

126 2287 270 2333 principaliter
284 2287 381 2324 suadent:
391 2286 505 2324 necessitas
519 2286 540 2320 et
552 2286 648 2328 utilitas3
661 2286 718 2329 quod
731 2286 796 2321 etiam
810 2286 849 2320 dno
863 2285 973 2322 inhibent:

125 2345 154 2378 rei
162 2344 204 2380 scil.
213 2344 234 2378 et
240 2352 330 2388 persone
338 2343 451 2377 enormitas
461 2354 474 2377 a.
495 2342 586 2377 Proinde
592 2342 696 2377 immerito
705 2342 815 2377 contendit
822 2342 931 2377 Susanna
941 2352 945 2377 :

126 2415 133 2433 ι(
142 2401 181 2436 Die
193 2400 292 2443 wiehtige
305 2399 393 2434 Summa
405 2409 447 2434 von
461 2398 572 2442 Huguccio
586 2398 681 2434 schliesst
706 2398 749 2433 sich
763 2398 886 2441 vollstdndip
899 2409 926 2437 au
941 2400 974 2434 die

124 2457 291 2500 Ausiiihrungen
307 2455 391 2498 Rufina
407 2456 441 2490 hei
457 2455 493 2489 der
509 2456 583 2498 Frage,
599 2456 632 2490 die
647 2463 686 2489 uns
702 2454 746 2489 hier
769 2455 920 2498 hesehattigt».
939 2455 973 2491 Cir

65 2528 68 2532 ²
124 2513 216 2556 Amic,
229 2515 245 2549 t.
260 2513 285 2547 78
299 2511 376 2556 (1898),
389 2521 410 2556 p.
425 2510 464 2547 91²,
480 2511 538 2547 Intra
549 2512 571 2546 in
582 2511 678 2556 pluribus
690 2512 731 2546 hoc
743 2511 814 2546 adhuc
824 2505 914 2555 patebit.

152 2570 181 2614 (2)
197 2566 430 2613 Ci.inira‚p.145.—
453 2567 500 2602 Nisi
511 2568 593 2602 dicatur
604 2568 765 2612 Huguccionem
783 2567 824 2602 hoc
843 2566 972 2603 definitionis

124 2626 187 2661 inciso
203 2625 296 2664 alludere
313 2624 460 2659 controversiis
475 2625 529 2658 tunc
543 2624 645 2668 temporis
659 2624 714 2658 inter
731 2623 828 2658 doctores
843 2624 972 2667 vigentibus,

76 2677 78 2679 ’
124 2682 200 2726 quihus
212 2681 345 2718 conabantur
358 2680 499 2715 determinare
510 2689 615 2725 quaenam
626 2680 672 2715 iura
684 2688 720 2714 seu
731 2679 787 2723 leges
799 2679 917 2716 admittant
930 2680 971 2715 dis-

121 2738 267 2784 pensationem
281 2738 303 2771 et
315 2744 420 2781 quaenam
432 2746 481 2773 non.

115 2812 116 2815 =
143 2793 178 2840 (3)
194 2794 242 2830 Cod.
253 2803 291 2830 ms.
301 2792 352 2829 bibl.
362 2788 406 2829 nat.
416 2792 482 2828 Paris.
491 2792 529 2828 lat.
539 2803 559 2829 n.
569 2792 629 2835 3892,
638 2791 673 2829 iol.
683 2792 727 2828 59¹².
737 2791 763 2836 gl.
773 2792 801 2842 ad
810 2791 859 2828 dict.
870 2791 928 2828 Grai.
960 2833 962 2835 ¹

121 2861 140 2888 a.
155 2859 171 2887 0.
184 2850 216 2892 25,
230 2851 256 2886 D.
269 2850 293 2885 L.

149 2906 178 2951 (4)
193 2905 225 2941 Gl.
236 2906 264 2941 ad
274 2916 295 2942 u.
305 2905 414 2952 pigrisque,
426 2915 442 2942 c.
454 2904 474 2948 6,
485 2905 507 2943 C.
520 2903 536 2949 I,
547 2902 566 2941 7.

147 2962 177 3008 (5)
192 2961 223 2999 cr.
237 2961 299 3005 infra,
313 2950 339 3007 p?
351 2960 395 2998 174.
