2182 3277
110 182 154 224 134
265 194 546 239 osolsesnsationrnus
558 194 625 224 arur)
636 182 822 227 oaenerisrns,
853 173 856 175 ’

115 303 274 358 permittendo
285 306 312 345 ut
322 303 447 357 presbyter
456 302 525 352 fieret
534 302 575 357 (1).
586 303 639 347 Non
648 306 729 353 tamen
739 293 788 347 sine
797 303 956 347 haesitatione
968 339 970 343 .
990 318 991 322 ¹

56 369 57 372 ’
114 370 236 423 Huguocio
255 369 397 424 derelinquit
415 381 563 414 communem
581 371 720 419 doctrinam,
738 383 793 414 nam
812 370 886 413 dicit:
903 370 956 414 «ibi

112 435 171 489 sorte
184 435 236 489 plus
249 434 368 478 iuit‘iacti
382 448 455 491 quam
467 427 542 478 iuris»
556 439 580 479 et
593 452 602 474 u
612 440 691 492 potest
705 437 733 478 R.
748 437 864 481 Pontifex¹
874 437 898 481 in
912 437 956 481 tali

114 515 170 546 casu
181 502 322 556 dispensare,
333 502 416 544 saltem
426 501 452 545 cte
460 502 521 556 focio
530 517 539 540 »
550 505 574 544 et
583 518 592 541 c
601 517 631 546 ne
641 503 765 547 videamur
775 503 904 547 diminuere
914 516 956 558 po-

112 568 215 612 tentiam
225 568 311 622 Papae,
324 568 431 621 dicamus
441 569 504 623 quod
516 569 537 609 et
547 568 573 610 de
584 569 633 611 iure
643 573 722 624 potest
732 586 741 609 s
753 569 793 624 (2).

143 634 239 679 Praxim
252 634 351 678 Sanctae
363 634 437 683 Sedis,
450 637 474 677 et
485 635 514 677 ob
526 648 578 679 eam
588 636 681 690 praxim
692 636 956 680 mutatamdoctrinam
1023 643 1025 646 ’

112 702 136 745 in
152 700 369 755 scholisHuguccio
380 702 424 744 hac
435 701 527 756 optima
537 702 628 745 ratione
639 695 746 746 vindieat
757 715 762 744 :
773 702 958 746 RR'Pontiiices
982 706 984 709 ’

114 768 142 810 de
152 767 202 810 iure
213 767 257 811 hae
272 771 392 821 potestate
408 763 576 823 polientqua
591 769 693 824 aequali,-
705 770 752 813 imo
781 769 824 812 sub
850 772 958 824 respectu

112 834 272 888 praelationis,
282 835 364 878 maiori
373 837 493 888 potestate
501 836 605 887 gaudent
615 848 686 890 quarn
695 836 803 889 apostoli.
814 836 882 878 Unde
905 837 959 877 eon-

115 901 190 943 cludit
201 914 206 941 :
216 916 225 939 u
238 901 262 943 in
277 898 386 950 omnibus
400 914 460 955 quae
476 901 533 943 dicit
548 902 668 955 apostolus
683 905 762 955 potest
776 902 843 956 Papa
864 903 959 956 dispen-

114 980 172 1016 sare,
187 967 267 1010 nisiin
279 966 323 1008 hiis
335 979 396 1022 quae
404 967 528 1021 pertinent
541 968 570 1010 ad
583 967 656 1011 iidem
669 971 692 1024 et
704 968 823 1011 salutem»
835 967 875 1022 (3).

146 1032 214 1084 Quod
228 1033 265 1074 hie
280 1045 372 1075 cernere
386 1033 516 1087 potuimus,
532 1035 665 1078 doctrinam
680 1034 772 1077 scholae
786 1048 838 1077 sese
852 1047 959 1078 accomo-

115 1100 182 1142 dasse
199 1099 268 1157 praxi
285 1099 386 1142 Sanctae
403 1100 475 1149 Sedis,
494 1095 562 1154 saepe
580 1100 675 1154 obviam
692 1100 839 1150 habebimus,
855 1098 959 1155 praeser-

112 1166 158 1211 tim
174 1180 188 1213 a
202 1165 348 1219 temporibus
364 1166 453 1222 quibus
470 1167 596 1210 decretales
612 1166 664 1210 BR*
681 1166 828 1213 Pontificum
843 1168 866 1213 in
878 1168 959 1213 collec-

112 1232 191 1278 tiones
210 1232 360 1280 authenticas
380 1233 579 1279 coadunabuntur
592 1232 625 1286 (4)

464 1509 566 1552 CAPUT
582 1509 615 1551 VI

329 1628 368 1669 De
381 1628 529 1674 cessatione
542 1627 774 1682 dispensationum
808 1640 812 1642 ⁴

145 1757 293 1800 Decretistae
305 1770 389 1810 pauca,
403 1758 443 1800 sed
454 1758 524 1800 ualde
537 1758 648 1807 u·tilia,de
662 1758 792 1801 cessatione
802 1754 959 1811 dispensatio

43 1866 45 1868 .
114 1824 150 1873 nis
161 1824 256 1871 docent.
266 1824 394 1877 Assignant
406 1817 523 1878 duplicem
541 1836 653 1867 eausam:
675 1824 791 1878 imprimis
801 1823 957 1866 cessationem

116 1891 324 1939 causaemotivae,
342 1890 427 1933 deinde
442 1883 619 1934 revocationem
635 1903 677 1948 per
693 1880 859 1944 legislatorem.

146 1956 166 2004 1.
176 1956 291 2004 Doctrina
304 1958 339 1999 est
351 1959 448 2015 recepta
461 1957 662 2014 dispensationem
675 1969 765 2003 cessare
778 1957 879 2000 cessante
891 1967 960 2001 cause

137 2157 168 2204 (1)
184 2157 218 2193 Ex
230 2156 294 2191 textu
308 2155 454 2200 Hugnccionis
468 2155 560 2200 supponi
574 2154 639 2190 debet
652 2155 742 2190 Lucium
752 2154 786 2189 ΙΙΙ
799 2156 857 2192 hanc
870 2155 953 2200 dispen-

51 2206 53 2209 ’
109 2214 217 2251 sationem
228 2213 310 2248 dedisse
320 2221 325 2253 ;
335 2212 392 2247 inira
403 2211 480 2247 dehac
490 2210 615 2255 quaestione
626 2211 714 2254 agimus.

120 2269 151 2315 (2)
168 2270 218 2307 Cod.
230 2277 269 2305 ms,
281 2268 315 2305 cit.
327 2269 394 2305 Paris.
405 2278 426 2304 n.
437 2268 498 2309 3892,
509 2267 545 2304 iol.
556 2266 600 2303 d2v.
611 2280 618 2299 o
629 2267 670 2302 Sed
679 2275 750 2303 nonne
759 2276 817 2312 papa
827 2266 901 2311 potest
912 2268 953 2302 dis-

108 2335 155 2364 sare
167 2335 216 2361 cum
228 2325 313 2369 bigamo
325 2326 394 2368 usque
405 2325 434 2359 ad
446 2324 592 2362 diaconatum.
606 2323 682 2358 Potest
694 2323 788 2368 quidem.
797 2324 833 2358 De
845 2323 904 2361 tacto
916 2334 952 2359 no-

107 2384 146 2418 tris
162 2381 297 2426 temporibus
313 2380 393 2415 Lucius
408 2381 486 2415 tertius
503 2381 637 2425 dispensavit
652 2390 702 2414 cum
718 2380 813 2424 quo-dam
829 2379 915 2424 bigamo
931 2380 953 2416 in

107 2439 178 2476 Sicilia
188 2438 292 2482 usquead
302 2437 475 2481 presbiteratum.
486 2437 527 2472 Sed
535 2437 591 2471 torte
601 2435 648 2480 plus
658 2436 701 2471 tuit
709 2435 739 2471 ibi
748 2436 801 2473 tacti
812 2445 876 2480 quam
885 2436 936 2470 iuris
946 2444 952 2478 ;

68 2499 77 2503 ““
106 2495 179 2541 regula
192 2494 247 2530 enim
258 2494 349 2538 apostoli
361 2503 405 2529 non
416 2493 502 2529 uidetur
512 2493 571 2538 loqui
582 2493 622 2528 nisi
635 2493 660 2527 de
672 2493 777 2536 episcopo,
803 2493 824 2526 et
835 2492 952 2536 presbitero

107 2553 130 2587 et
138 2552 234 2593 diacono,
245 2552 267 2585 et
275 2551 322 2584 ideo
333 2550 462 2595 dispensatio
472 2558 538 2593 usque
548 2550 575 2587 ad
585 2549 764 2586 subdiaconatum
773 2548 807 2584 vel
826 2548 952 2595 presbitera-

106 2609 154 2643 tum
161 2609 234 2652 aperte
242 2607 327 2642 uidetur
335 2615 379 2641 esse
386 2607 461 2641 contra
468 2605 562 2650 regulam
577 2604 675 2649 apostoli,
691 2606 713 2639 et
719 2606 757 2639 hec
765 2603 797 2638 est
817 2613 880 2641 causa
888 2613 953 2648 quare

107 2665 212 2700 Martinus
222 2662 291 2699 noluit
301 2663 357 2697 ultra
368 2659 496 2706 dispensare,
507 2662 547 2696 etsi
567 2661 653 2696 Martini
662 2660 806 2704 prohibitione
816 2670 859 2696 non
868 2660 952 2704 ligetur.
977 2694 978 2697 ,

107 2721 224 2765 Dispensat
236 2720 309 2755 tamen
322 2719 344 2752 et
355 2719 429 2763 potest
442 2718 564 2763 dispensare
576 2717 640 2759 ultra,
666 2717 742 2755 saltem
756 2718 781 2751 de
795 2716 860 2752 iacto.
883 2717 913 2750 Et
926 2725 952 2751 ne

107 2776 218 2813 videamus
228 2775 344 2811 diminuere
352 2774 474 2819 potentiam
483 2783 544 2819 pape,
555 2774 651 2809 dicamus
660 2774 718 2818 quod
727 2774 749 2808 et
766 2773 792 2807 de
802 2773 846 2807 iure
856 2773 928 2816 potest
937 2785 951 2808 c.

134 2828 164 2876 (3)
181 2831 241 2873 ibin,
252 2833 273 2866 et
282 2831 318 2867 tol.
330 2831 386 2868 101v.
396 2831 436 2867 col.
447 2831 466 2873 2,
478 2831 529 2866 dicit
539 2840 543 2865 :
553 2844 560 2863 u
570 2830 591 2873 in
602 2830 675 2881 multis
685 2830 741 2872 enirn
759 2828 847 2872 statutis
866 2828 952 2880 aposto.

105 2889 176 2925 lorum
182 2888 242 2923 licita
249 2887 281 2922 est
288 2887 417 2932 dispensatio
426 2902 440 2924 s.

133 2940 163 2991 (4)
179 2943 210 2985 Gi.
233 2942 294 2989 intra,
316 2951 338 2990 p.
363 2942 409 2983 152.
