2182 3277
159 219 189 270 lc
245 235 278 270 nu
287 231 690 288 nisaeusnrionreoslsneo.nur>
699 235 832 274 oueauruiu
842 241 961 276 1111111111
1014 232 1016 234 ’

159 352 272 406 pulionem
283 352 312 395 ud
323 347 409 406 tempus
420 352 460 408 (1),
471 354 551 408 riporis
563 354 626 405 iuris,
636 341 663 396 ob
673 354 826 397 necessitatem
837 356 964 409 temporum
975 350 1010 395 uel

160 420 282 461 utilitatem
292 418 405 462 Ecclesiae
416 434 492 473 :rcum
501 433 552 475 ergo
563 435 621 476 quae
631 426 725 466 aeterna
733 422 781 475 lege
790 423 936 466 sancitanon
944 424 1008 471 sunt,

158 487 198 528 sed
210 486 334 528 honestate
347 487 385 529 vel
398 488 502 531 utilitate
516 489 632 531 Ecclesiae
644 490 757 532 instituta
777 489 814 531 vel
826 489 952 542 prohibita,
966 500 1008 542 pro
1067 511 1069 514 ν

158 553 239 595 eadem
253 553 371 595 occasione
385 555 415 597 ad
427 557 521 607 tempus
533 555 701 606 remittuntur,
723 568 764 609 pro
782 567 827 610 qua
839 555 939 599 inventa
951 557 1008 598 sunt

157 631 203 661 non
220 623 256 662 est
272 619 436 663 institutorum
454 622 566 664 damnosa
583 622 761 675 praevaricatio,
787 623 826 665 sed
843 622 967 665 laudabilis
984 624 1008 663 et

156 685 310 729 saluberrima
322 687 484 740 dispensatio»
497 687 536 742 (2).
550 687 607 731 Cum
618 691 699 732 tamen
712 689 753 730 lvo
765 689 875 743 loquatur
887 690 915 731 de
927 688 1009 732 remis-

156 752 220 795 sione
231 753 269 794 vel
280 752 427 807 mitigatione
447 770 455 792 1
466 756 495 796 ad
506 758 617 808 tempus»
638 754 734 796 videtur
745 755 793 797 iam
804 755 925 798 excludere
938 755 1005 797 abro-

156 820 281 873 gationem,
296 820 398 874 aliasque
409 821 466 874 legis
476 821 549 875 ipsius
561 821 712 864 mutationes.
726 820 787 863 Talis
800 822 950 875 dispensatio,
963 822 1008 863 etsi

108 908 109 912 =
149 886 187 928 sit
198 887 284 929 vulnus
295 887 357 938 legis,
370 889 451 930 tamen
462 888 608 940 permittitur
620 888 677 940 quia
688 887 726 929 lex
736 900 784 929 non
795 890 830 929 est
840 891 937 941 propter
948 887 1008 940 seip-

156 966 212 1002 sam,
224 954 264 995 sed
275 965 344 1005 supra
353 953 417 996 illam
428 957 464 1013 est
474 954 567 1002 caritas,
580 966 638 1007 quae
647 953 746 996 vulnera
756 954 799 1006 legi
809 952 873 996 iacta
883 957 953 996 sanat
965 951 1006 1007 (3).
1073 952 1080 956 ”

155 1019 345 1073 Dispensationes
356 1022 437 1063 tamen
449 1033 517 1063 sensu
529 1021 610 1062 stricto
623 1020 692 1063 ambo
705 1022 854 1073 cognoscunt,
875 1032 928 1063 cum
940 1020 1008 1073 plura

154 1086 238 1128 harum
251 1086 357 1139 exempla
371 1086 479 1135 afferant,
495 1090 518 1129 et
532 1100 569 1129 eas
583 1089 720 1140 comparent
733 1086 943 1129 constitutionibus
957 1098 1008 1140 per-

153 1151 271 1195 sonalibus
280 1153 336 1195 iuris
346 1153 443 1202 romani,
455 1164 514 1206 quae
523 1168 532 1191 r
542 1165 583 1195 nec
594 1154 623 1195 ad
633 1153 741 1206 exempla
749 1152 882 1202 trahuntur,
894 1151 1005 1207 qnoniam

153 1218 259 1273 princeps
271 1218 314 1260 hoc
326 1232 373 1261 non
383 1219 460 1261 voluit
469 1235 485 1269 n,
498 1232 568 1262 nam:
584 1235 593 1258 1
604 1232 663 1273 quae
675 1220 782 1273 princeps
801 1219 869 1261 alicui
881 1219 911 1260 ob
922 1219 1007 1262 merita

152 1286 258 1335 indulsit,
270 1286 308 1328 vel
319 1287 338 1327 si
350 1287 388 1327 cui
399 1299 500 1340 poenam
511 1287 630 1340 irrogavit,
642 1287 681 1328 vel
692 1286 712 1328 si
724 1286 761 1327 cui
773 1286 821 1328 sine
833 1285 939 1345 exemplo
952 1285 1007 1327 sub-

152 1353 225 1401 venit,
237 1365 360 1407 personam
370 1364 417 1396 non
426 1354 598 1407 transgreditur
607 1368 615 1391 i>
626 1351 667 1406 (4).

183 1419 203 1460 3.
222 1418 336 1461 Obiectum
352 1418 535 1474 dispensationis
559 1419 600 1461 Ivo
626 1419 764 1472 praesertim
782 1419 869 1473 optime
887 1419 1006 1462 describit.

152 1485 189 1527 Ab
206 1484 339 1539 Augustino
358 1486 490 1529 doctrinam
514 1489 644 1535 mutuatur,
671 1486 715 1527 etsi
733 1485 902 1528 nontotidem
919 1485 1005 1535 verbis,

152 1556 233 1595 tamen
246 1553 324 1605 quoad
336 1565 392 1602 rem,
405 1553 453 1596 imo
467 1555 491 1594 et
505 1553 582 1606 quoad
596 1553 711 1606 quosdam
724 1552 806 1594 modos
822 1551 942 1606 loquendi.
967 1552 1007 1594 Ius

152 1618 334 1661 ecclesiasticum
349 1619 436 1661 dividit
449 1619 474 1661 in
489 1619 664 1673 praeceptiones
679 1622 703 1660 et
719 1617 895 1672 prohibitiones,
912 1629 1007 1671 quorum

152 1685 212 1727 nliue
226 1685 281 1727 sunt
293 1684 386 1726 mobiles
401 1687 421 1726 ei
432 1685 606 1739 ··clicpensubiles‚
623 1685 683 1727 uliae
699 1683 821 1726 immobiles
832 1683 873 1738 (5).
893 1684 1005 1728 Immobi-

151 1753 183 1795 les
194 1756 251 1797 sunt
263 1764 321 1806 qnae
333 1753 452 1809 pertinent
464 1753 540 1795 adius
553 1753 666 1802 divinum,
680 1765 720 1794 seu
731 1751 804 1804 legem
816 1754 942 1801 aeternam,
956 1752 1005 1795 sive

151 1819 279 1874 positivam
292 1819 341 1861 sive
354 1819 493 1869 naturalem,
508 1822 532 1861 et
546 1831 612 1873 quae,
625 1820 645 1861 si
660 1818 820 1867 observentur,
834 1818 935 1861 salutem
949 1831 1004 1861 oon-

150 1886 237 1936 ferunt,
254 1886 336 1931 sinon
353 1885 515 1936 observantur,
541 1886 716 1929 damnationem
733 1885 862 1927 adducunt.
881 1883 937 1927 lllae
953 1885 1004 1929 nul·
1050 1887 1059 1893 ‘

181 2100 210 2147 (1)
226 2096 268 2143 PL,
279 2100 295 2137 1.
308 2098 353 2143 ior,
366 2106 398 2145 ep.
412 2098 445 2144 57,
458 2097 642 2142 coniecerim,
655 2094 751 2134 111242.

181 2158 210 2202 (2)
226 2158 268 2207 PL,
281 2159 297 2192 t.
313 2157 358 2199 161,
374 2157 411 2192 col.
427 2158 459 2193 58.
474 2157 515 2193 «Si
525 2156 577 2200 quis,
589 2155 646 2199 quod
660 2154 686 2188 de
700 2150 843 2187 sanctionibus
854 2149 888 2187 vel
897 2151 1005 2194 dispensa·

153 2214 248 2249 tionibus
265 2206 417 2255 ecclesiasticis,
433 2214 462 2248 ad
477 2213 595 2254 caritatem,
612 2218 666 2254 quae
682 2209 715 2243 est
729 2207 839 2252 plenitudo
853 2206 905 2250 legis
919 2206 1005 2248 referat,
1071 2213 1073 2216 ’

153 2277 196 2306 non
209 2270 289 2305 errabit
300 2278 339 2304 nec
350 2269 456 2314 peccabit,
470 2271 492 2304 et
504 2268 589 2313 quando
602 2266 675 2310 aliqua
686 2263 793 2309 probabili
803 2263 885 2298 ratione
897 2272 910 2297 a
922 2271 1005 2297 summo

152 2328 197 2362 iure
214 2326 337 2373 declinabit,
353 2327 430 2361 caritas
447 2325 564 2367 excusabit,
572 2323 597 2363 ,si
611 2324 685 2357 tamen
700 2320 753 2356 nihil
768 2320 842 2355 contra
856 2319 1005 2363 Evangelium‚

152 2383 204 2420 nihil
215 2385 292 2419 contra
302 2382 415 2427 Apostolos
427 2382 540 2426 usurpavit
547 2393 561 2416 n.

178 2440 208 2485 (3)
223 2440 321 2484 Apparet
333 2439 420 2475 Ivonem
431 2439 458 2474 ab
470 2437 589 2483 Augustino
599 2435 698 2480 pendere.
712 2433 742 2469 Ci.
754 2441 824 2477 supra,
835 2441 856 2476 p.
869 2432 901 2468 1o.

178 2497 207 2541 (1)
224 2496 266 2539 PL,
277 2498 293 2531 1.
306 2494 352 2538 rot,
365 2495 403 2531 col.
416 2495 448 2531 58.
460 2514 488 2521 -
498 2493 524 2530 D.
537 2494 567 2530 Dc
580 2488 777 2531 Constitutionibus,
790 2488 805 2524 Ι.
817 2488 860 2530 4,1.
872 2487 891 2523 2.
928 2539 932 2542 ,.

177 2553 206 2597 (5)
222 2552 264 2595 PL,
276 2551 369 2594 r.e.,e01.
379 2551 406 2587 50
421 2561 467 2596 sqq.
489 2570 516 2577 -
532 2549 658 2589 1111111111,
674 2556 690 2580 0.
700 2556 723 2588 u,
738 2544 812 2587 L.111‚
828 2552 845 2579 c.
854 2543 886 2579 il.
902 2543 1005 2578 Tirones-

151 2617 219 2650 snmS,
230 2619 247 2644 o.
258 2618 281 2650 c.‚
292 2608 317 2643 P.
329 2607 364 2651 IV,
375 2607 399 2643 L.
413 2607 441 2651 ΙΙ,
459 2617 476 2642 c.
488 2608 520 2642 lo.
540 2607 658 2645 surreiae,
675 2612 693 2638 0.
704 2612 726 2643 c.,
737 2611 758 2646 p.
769 2600 814 2635 128.
834 2618 862 2625 —-
877 2610 886 2631 (1
902 2599 1006 2648 Praecep-

150 2665 219 2700 tiones
231 2663 350 2699 immobiles
364 2665 422 2706 sunt,
443 2673 495 2707 quas
508 2654 542 2698 lex
554 2662 642 2696 aeterna
655 2655 734 2699 sanxit,
755 2666 808 2701 quae
833 2656 959 2691 observatae
973 2664 1006 2689 sa-

151 2721 219 2756 lutem
233 2720 351 2763 conterunt,
366 2729 409 2755 non
425 2720 552 2755 observatae
567 2709 665 2751 eamdem
679 2708 802 2759 auferunt...
817 2711 917 2747 Similiter
930 2711 1005 2745 immo-

150 2777 202 2813 biles
226 2778 276 2811 sunt
294 2776 448 2820 prohibitiones
472 2784 527 2820 quae
545 2775 646 2809 adversus
657 2770 712 2807 viiia
722 2769 846 2813 loquuntur,
856 2767 928 2811 qualia
939 2767 1004 2801 sunt:

151 2843 194 2869 non
208 2833 296 2876 occides,
311 2842 354 2868 non
368 2832 533 2867 maechaberis...
555 2828 642 2866 Mobiles
656 2835 707 2862 vero
721 2826 778 2867 sunt,
804 2833 855 2868 quas
869 2823 904 2857 lex
917 2824 1005 2858 aeterna

152 2899 195 2926 non
210 2883 287 2931 sanxit,
302 2890 338 2923 sed
350 2888 494 2934 posteriorum
508 2885 603 2931 diligenti
615 2884 699 2919 ratione
712 2881 810 2916 utilitatis
824 2879 907 2915 invenit
920 2888 963 2915 non
976 2880 1004 2914 ad

153 2946 245 2981 salutem
263 2944 408 2989 principaliter
426 2945 572 2984 obtinendam,
592 2941 628 2976 sed
645 2940 674 2975 ad
693 2946 739 2972 eam
757 2936 825 2971 tutius
844 2935 1004 2972 muniendam...

150 3004 172 3040 ct
182 3001 252 3038 multa
264 3000 353 3046 reperies
364 3001 387 3038 in
400 3001 506 3037 canonicis
516 2996 690 3036 institutionibus
700 2994 722 3029 11
732 2993 790 3028 bunc
800 2993 887 3028 modum
899 3004 914 3029 1.
