2139 3277
354 256 387 290 nn
401 253 547 306 Exrsr‘nnria
558 250 775 290 orseniusarrouuru
926 239 960 289 Δ15

80 378 82 381 ⁴
101 366 238 412 'Mauritius
256 369 266 413 I
282 369 315 425 (a,
330 370 383 423 549)
416 369 524 423 episcopo
542 369 643 411 Iohanni
658 367 842 422 Philadelphiae‚
860 367 960 411 durante

106 435 171 479 lucta
186 427 363 487 lilonothelismi
379 436 488 477 concedit
503 434 642 477 facultatem
658 434 810 488 dispensandi
826 445 879 475 cum
896 434 961 476 cleri-

107 502 139 545 cis
148 502 227 556 lapsis,
236 502 339 554 scribens
350 515 357 542 :¹
364 502 406 543 nsit
415 502 447 543 eis
454 501 524 543 venia
533 513 593 554 quae
602 512 633 541 ex
641 500 775 544 huiusmodi
784 501 959 554 dispensatione

106 568 176 611 datur
186 585 202 617 a,
214 572 237 610 et
247 569 323 610 «novit
333 567 395 610 enim
406 580 481 610 canon
493 566 637 609 afflictorum
648 569 781 620 temporum
791 567 959 621 persecutioni-

103 634 148 677 bus
161 635 255 677 veniam
268 633 402 682 tribuere...
418 633 529 686 angustia
542 635 566 674 et
579 633 684 685 penuria,
700 646 759 686 quae
771 637 867 686 propter
880 637 965 677 neces

104 701 201 744 sitatem
220 713 250 742 ex
268 699 427 741 misericordia
445 699 508 751 cogit
526 698 628 741 multam
648 698 793 751 diligentiam
811 700 959 751 praetermit-

104 770 153 808 tere
163 782 172 805 11
184 766 238 820 (l).

133 832 232 875 Celebris
246 835 285 875 est
294 832 366 875 etiam
379 820 524 885 dispensatio
539 830 568 873 ab
583 830 717 872 Hannmno
734 831 743 872 l
757 834 780 873 aj
792 831 836 872 mr
849 844 958 877 concessa
997 855 999 858 ⁴

102 900 211 952 episeopo
228 898 335 946 Metensi,
352 897 496 951 Angilramo,
513 900 537 939 et
554 897 693 945 Coloniensi,
711 897 851 947 Hetebaldo,
867 899 957 953 iri-lege

101 957 241 1008 residentiae
253 964 291 1018 (2).
307 964 388 1006 Plures
402 964 474 1006 etiam
489 962 802 1017 citantu1·H0nursnaE(a.
817 964 878 1018 520),
893 965 957 1008 (11111-

102 1044 170 1074 eonn
182 1032 268 1072 11116111
282 1030 312 1083 (a.
327 1029 387 1083 601),
400 1029 505 1088 ¹Parnon
520 1029 622 1086 (553-50)
637 1032 660 1071 et
674 1030 776 1071 loannis
789 1029 848 1073 VIII
861 1030 901 1085 (3),

133 1098 223 1149 Quibus
248 1090 355 1141 omnihus
379 1096 481 1138 addendi
495 1099 550 1139 sunt
564 1099 617 1138 tum
631 1096 691 1138 varii
705 1100 787 1139 textus
802 1098 955 1142 existentiam

31 1205 33 1210 ,
103 1159 283 1218 dispensationis
299 1162 434 1217 probantes,
466 1175 524 1215 quos
540 1161 665 1204 referemus
680 1163 705 1203 in
721 1163 798 1216 capite
817 1163 854 1204 ΙΙΙ
869 1163 910 1206 ubi
927 1165 955 1208 de

101 1230 275 1284 dispensatione
288 1231 318 1272 ad
331 1230 471 1278 faciendum,
485 1232 537 1271 tum
551 1229 646 1270 decreta
659 1228 810 1272 conciliorum
824 1230 955 1283 provincia·
1025 1228 1028 1233 “

100 1297 159 1339 lium
174 1300 198 1338 et
213 1292 383 1349 episcoporum,
400 1294 600 1347 dispensationem
616 1293 771 1343 continentia,
788 1296 816 1337 dc
832 1296 955 1349 quibus-in

101 1363 203 1405 sectione
217 1362 382 1416 Ilpraeseutis
394 1361 476 1414 partis.

130 1428 174 1471 Sed
186 1429 244 1471 haec
256 1428 348 1471 abunde
360 1427 485 1487 sufiiciunt
497 1427 526 1469 ad
538 1426 686 1480 probandam
698 1428 850 1473 existentiam
862 1430 955 1485 dispen-

112 1496 222 1538 ationum
235 1506 276 1548 per
286 1494 364 1548 priora
375 1493 492 1535 Ecclesiae
504 1493 603 1535 saecula.

443 1603 604 1611 ·——-——-—-.-

449 1726 550 1771 CAPUT
568 1729 591 1771 ΙΙ
609 1737 611 1742 ’

323 1844 360 1888 De
376 1847 482 1889 notione
499 1848 730 1904 dispensationum

125 1970 162 2012 Ex
172 1971 262 2024 analysi
269 1973 380 2012 textuum
389 1982 447 2023 quos
456 1969 595 2028 collegimus,
603 1971 671 2023 plura
678 1972 814 2018 concludere
823 1985 950 2026 possumus

95 2036 156 2079 circa
167 2038 288 2078 notionem
301 2036 483 2089 dispensationis
494 2048 535 2089 per
545 2036 585 2079 illa
597 2038 696 2080 saecula.

126 2103 144 2145 1.
166 2103 212 2144 Res
228 2101 360 2144 describitur
386 2101 456 2142 uariis
485 2102 602 2143 terminis:
638 2103 760 2158 οἰκονομία,
795 2106 951 2161 indulgentia,-

96 2170 210 2213 relaxatio
223 2183 236 2212 a
247 2169 404 2227 summeium,
417 2168 567 2222 dispensatio,
578 2173 793 2223 temperamentum
804 2171 890 2215 salubri
900 2185 950 2215 mo-

27 2271 30 2275 .
97 2235 217 2279 deratione
233 2235 329 2283 factum,
347 2235 512 2284 misericordia,
529 2235 671 2286 humanitas,
689 2237 803 2287 liberatio,
820 2239 896 2288 venia,
914 2254 949 2283 sa-

92 2302 157 2356 piens
171 2302 333 2345 condescensio
349 2314 389 2343 seu
402 2301 554 2351 medicinalis,
577 2303 686 2356 «aliquid
701 2317 746 2357 quo
760 2305 830 2358 rigori
842 2306 898 2348 iuris
911 2307 950 2349 vel

93 2368 214 2411 severitati
229 2379 345 2411 canonum
355 2367 489 2410 detrahitur
499 2384 514 2410 1.
533 2367 645 2411 Similiter
659 2370 697 2412 Ius
709 2362 845 2415 Romanum
858 2373 951 2426 dispen-

118 2508 149 2554 (1)
166 2508 226 2552 Ibid„
237 2510 253 2545 t.
265 2509 281 2550 I,
295 2519 316 2553 p.
327 2508 385 2563 362..
399 2522 406 2540 1
416 2509 539 2545 Necessaria
548 2518 621 2545 rerum
632 2511 771 2556 dispositione
782 2514 948 2559 constringimur

91 2568 113 2601 et
126 2566 263 2608 Apostolicae
275 2564 335 2599 Sedis
348 2565 492 2600 moderamine
504 2568 643 2601 convenimur
653 2569 682 2602 sic
693 2577 798 2615 canonum
808 2572 947 2613 paternorum

29 2616 32 2617 ⁷
55 2655 57 2658 .
90 2621 174 2665 librare,
197 2623 218 2655 et
231 2622 286 2654 retro
302 2621 424 2664 praesulum
438 2622 613 2667 decessorumque
628 2626 748 2659 nostrorum
762 2626 839 2669 metiri,
852 2628 878 2662 ui
891 2637 947 2673 quae

90 2687 189 2723 praesens
213 2676 325 2712 necessitas
335 2676 451 2712 relaxanda
463 2678 563 2721 deposcit,
575 2679 672 2715 adhibita
683 2681 850 2718 consideratione
861 2684 947 2729 diligen-

59 2778 60 2781 *
90 2735 114 2777 ti,
128 2735 235 2779 quantum
243 2733 288 2767 lieri
298 2733 369 2777 potest
377 2735 520 2777 temperemus
530 2747 543 2770 1,
555 2735 595 2779 Ep.
606 2735 638 2778 14,
649 2736 675 2770 ud
685 2736 755 2781 Episc.
765 2747 801 2782 per
810 2738 918 2777 Lucanum
927 2744 947 2777 et

91 2789 178 2826 Brutios'
190 2789 209 2822 et
222 2789 317 2824 Siciliam
330 2790 467 2825 constitutos.
482 2789 523 2832 PL,
536 2792 552 2826 t.
567 2790 599 2833 87,
613 2792 651 2827 col.
665 2792 711 2828 159.
840 2833 842 2835 ¹
867 2825 868 2828 ,

117 2843 149 2891 (2)
158 2847 218 2899 lton.
234 2845 305 2882 (1111111.
322 2844 387 2882 Hrsr.
403 2844 537 2890 Capitulurie
553 2846 633 2891 Repurn
644 2848 779 2893 Francorum,
792 2851 808 2886 t.
824 2851 840 2896 I,
853 2860 899 2898 cap.
912 2853 946 2897 55,

115 2955 147 3003 (3)
163 2956 194 2995 Cf.
210 2958 326 3000 STIEGLER,
339 2967 356 2993 o.
370 2967 393 3001 c„
407 2967 427 3003 p.
442 2957 511 2996 29-33.
525 2978 553 2986 -
564 2959 728 3006 Tnouxssmus,
743 2964 755 3000 1,
769 2972 785 3001 c.
798 2958 945 3013 «1311111118,

89 3013 241 3057 Kirclrenreelzt,
250 3015 266 3051 t.
275 3012 302 3057 5,
310 3022 330 3059 p.
340 3013 387 3052 189.
