2139 3277
290 172 484 217 inrnninnrnrro
502 172 718 217 oisrnnsnrroiiuii
785 197 787 200 -
898 161 940 213 113
956 217 958 220 y

88 289 183 336 Sicardo
199 289 346 338 Cremonensi
357 293 398 347 (1),
410 294 560 349 ethernardo
576 294 686 349 Papiensi
698 293 737 348 (2),
752 291 794 347 qui
807 291 873 335 illam
887 291 940 334 alle-

90 363 149 412 gant
166 360 196 401 ad
213 360 383 402 ostendendum
401 359 463 401 circa
480 361 587 403 eamdem
603 372 726 414 personam
742 371 811 413 posse
827 357 882 400 lieri
898 357 940 399 tri-

88 424 173 479 plicem
188 424 387 479 dispensationem
402 424 489 467 diversi
502 426 596 479 gradus,
605 430 727 480 quatenus
742 422 779 466 lex
793 423 889 468 maioris
903 424 941 466 vel

87 485 183 534 minoris
199 490 313 535 momenti
329 491 455 533 relaxatur.
474 491 537 533 Haec
554 491 639 535 divisio
657 491 763 545 deinceps
781 504 794 533 a
811 489 939 534 canonistis

88 557 250 612 saepesaepius
267 556 422 607 exhibebitur.

117 625 139 666 2,
157 623 247 675 Quarta
262 622 346 666 divisio
362 623 596 677 deniqueindicatur
605 637 624 666 a
639 624 732 666 Sicardo
741 622 785 676 (3),
801 626 824 665 et
838 636 852 665 a
861 619 937 665 'Petro

86 690 198 748 Blesensi,
213 689 254 746 qui
267 689 418 744 distinguunt
432 689 632 744 dispensationem
648 690 704 731 iuris
717 692 741 732 et
756 688 845 730 iudicis.
859 705 868 727 1
879 689 938 730 Iuris

87 756 231 810 dispensatio
244 759 279 798 est
292 770 318 812 ea
331 768 391 810 quae
402 756 540 809 generaliter
552 770 566 799 a
578 756 627 799 iure
638 756 779 809 indulgetur,
792 758 820 805 ut
831 754 871 797 illa
884 754 938 796 Gre-

10 875 12 881 .
85 823 144 876 gorii
157 824 185 865 de
197 813 346 867 matrimonio
359 823 495 876 Anglorum,
508 822 590 876 Anglis
602 822 710 866 omnibus
722 821 822 865 indulta.
836 821 868 862 Et
880 821 936 863 baec

24 930 27 932 .
84 889 134 932 iure
144 882 185 932 suo
196 904 209 933 a
219 888 325 944 quolibet
333 889 384 943 peti
393 892 473 943 potest
482 905 497 931 1,
508 888 540 930 At
549 888 590 932 illa
599 887 744 943 dispensatio
754 891 792 929 est
801 887 882 949 potius
891 886 937 941 pri-

9 946 12 948 *
84 955 196 1015 vilegium
208 954 320 1009 generale.
334 954 442 997 «iudicis
456 955 599 1009 dispensatio
614 959 651 998 est
662 955 702 998 illa
716 965 775 1009 quae
790 953 887 997 arbitrio
901 953 935 995 iu-

86 1022 144 1064 dicis
164 1021 304 1076 relinquitur
324 1022 474 1076 indulgenda.
497 1021 561 1064 Haec
583 1026 663 1066 autem
685 1035 699 1064 a
719 1020 791 1070 nullo,
812 1020 861 1062 iure
884 1033 932 1070 suo,

18 1140 19 1143 Ἴ
85 1088 135 1143 peti
153 1091 250 1142 potest»
262 1087 302 1141 (t).

425 1424 526 1467 CrtPUT
543 1424 579 1467 111

274 1545 312 1587 De
328 1532 543 1600 interpretatione
560 1544 788 1604 dispensationum

112 1663 148 1706 Ex
165 1665 260 1706 notione
289 1665 371 1707 stricta
401 1666 587 1718 dispensationis,
619 1680 666 1720 qua
683 1667 808 1721 «aequitas
824 1661 849 1709 in
867 1674 921 1710 casu

80 1731 216 1783 particulari
234 1734 314 1773 contra
331 1731 503 1784 iurisrigorem
513 1732 696 1774 introducitur»
707 1732 747 1786 (5),
765 1732 833 1776 facile
852 1735 923 1775 dedu-

81 1800 137 1839 cunt
148 1797 291 1839 Decretistae
303 1799 422 1851 quasdam,
430 1799 519 1851 regulas
530 1799 579 1840 eius
591 1798 799 1851 interpretationis.
970 1793 971 1796 ¹

110 1864 129 1904 1.
147 1863 204 1905 Cum
217 1864 248 1905 sit
260 1875 300 1916 pro
315 1876 369 1906 casu
382 1863 518 1917 particulari
530 1864 601 1913 iacta,
615 1865 727 1908 relaxatio
740 1878 786 1907 11011
799 1866 864 1908 valet
876 1878 917 1919 pro

79 1940 132 1970 casu
141 1942 187 1970 non
198 1930 285 1983 eccepto
294 1943 300 1977 ;
311 1941 353 1971 nec
363 1946 371 1967 1
381 1933 460 1983 potest
469 1931 627 1983 praeiudicare
637 1931 784 1985 Apostolicae
795 1932 861 1974 Sedis
871 1935 919 1975 sta-

76 2125 141 2159 reiert
150 2127 223 2160 utrum
234 2125 345 2171 con(scius)
355 2126 437 2171 iu(erit)
447 2127 481 2163 vel
490 2138 538 2163 non.
559 2128 616 2162 Nam
626 2127 715 2162 siluerit
726 2127 827 2169 conscius,
844 2127 922 2172 triplex

78 2182 206 2226 dispensatio
220 2183 251 2215 est
261 2183 388 2224 adhihenda,
400 2183 514 2227 aliquando
526 2192 611 2227 magna,
624 2184 689 2221 maior
701 2185 722 2217 et
732 2184 832 2221 maxima.
845 2184 922 2227 Magna

77 2238 127 2281 quia
137 2238 158 2272 in
169 2237 215 2275 aliis
226 2237 316 2272 ecclesiis
327 2240 416 2274 servatis
427 2241 505 2274 eisdem
515 2241 626 2275 ordinibus
635 2237 773 2283 permittitur,
785 2240 858 2281 maior,
871 2240 921 2283 quia

75 2293 96 2328 in
111 2294 197 2338 propria
213 2294 302 2337 ecclesia
312 2295 332 2330 in
348 2295 465 2330 minoribus
480 2297 589 2331 ordinibus
604 2304 648 2330 esse
663 2296 791 2337 conceditur,
818 2296 919 2338 maxima,

76 2350 126 2393 quia
140 2350 161 2384 in
176 2350 250 2387 eadem
265 2350 350 2388 ecelesia
364 2352 385 2386 in
401 2352 479 2386 eisdem
493 2353 602 2387 ordinibus
616 2353 756 2395 dispensatur.
778 2351 799 2386 Si
813 2359 862 2387 vero
877 2361 919 2387 non

75 2405 140 2440 luerit
153 2407 254 2447 conscius,
267 2406 319 2441 nibil
330 2407 388 2444 aliud
402 2417 467 2451 quam
480 2408 607 2452 dignitatem
619 2409 706 2445 amittet
714 2422 727 2445 1,
756 2428 762 2432 -

103 2461 133 2506 (1)
148 2462 198 2498 Cod.
213 2472 251 2498 ms.
267 2463 301 2498 cit.
316 2462 352 2498 101,
368 2463 413 2499 118.

103 2517 133 2562 (2)
148 2518 234 2553 Summo
244 2518 383 2566 decretalium,
394 2520 422 2557 ad
434 2520 475 2555 Tit.
489 2520 518 2553 De
529 2520 657 2562 simoniacis,
669 2529 685 2555 c.
698 2520 716 2561 5,
731 2519 767 2560 §c
780 2519 918 2561 Lnsrnrruns,

33 2587 36 2592 ‘
74 2582 95 2617 p.
105 2574 173 2611 119.-
180 2575 270 2609 Proinde
277 2585 319 2609 non
328 2577 385 2609 recte
392 2575 489 2611 ¹affirmat
497 2576 614 2618 8111101111,
627 2576 638 2612 l.
648 2586 671 2618 c.,
680 2584 700 2620 p.
709 2575 747 2610 658
758 2584 762 2607 :
772 2587 779 2605 1
790 2584 838 2608 zum
848 2576 917 2610 ersten

74 2629 129 2664 Male
142 2631 250 2674 hegegnen
264 2631 300 2666 wir
313 2631 348 2664 bei
360 2631 471 2669 Bernhard
485 2632 530 2666 eine
544 2632 667 2675 Einteilung
682 2633 717 2666 der
732 2631 822 2675 Dispens
836 2632 857 2665 in
873 2632 918 2666 eine

74 2693 159 2729 magna,
167 2687 233 2721 maior
238 2687 263 2728 et
271 2683 365 2721 mauima
374 2699 388 2722 1.

30 2743 31 2747 ’
100 2741 131 2786 (3)
146 2742 196 2778 Cod.
205 2751 244 2778 ms.
254 2743 289 2778 cit.
297 2741 333 2778 101.
343 2742 389 2778 148,

99 2797 130 2842 (4)
145 2798 257 2842 Speculum
274 2799 327 2833 iuris
344 2798 446 2841 cononici,
463 2808 484 2843 p.
502 2799 534 2836 59.

98 2853 129 2897 (5)
143 2854 198 2890 Vide
208 2856 264 2892 hanc
274 2854 384 2890 notionem
395 2855 454 2901 apud
465 2855 641 2891 Arcbidioconum
652 2856 674 2890 111
686 2864 722 2890 suo
738 2854 825 2889 Rosorio
837 2856 866 2890 ad
878 2855 916 2898 ea,

71 2908 91 2944 C.
107 2909 123 2952 1,
137 2920 157 2953 q.
171 2911 189 2948 7.
204 2911 265 2948 Illam
277 2910 381 2948 conflavit
393 2920 419 2945 ex
430 2912 493 2946 textu
506 2912 651 2956 Huguccionis
663 2912 685 2945 et
699 2911 727 2948 Io.
742 2906 863 2951 Ferentini.
