2182 3277
169 253 196 298 18
270 267 303 298 un
317 261 549 300 DISPENSATlONJBUS
565 260 648 305 usaue,
659 269 693 297 111)
709 264 839 302 sonantum
855 266 881 318 ix
932 277 933 280 ¹

167 375 200 419 eis
212 374 377 429 indulgebatur
389 353 553 432 nonobstante>
562 375 612 432 lege
625 376 665 419 illa
678 375 785 419 absolute
798 379 918 420 statuente
940 350 1022 431 degrass

168 442 288 485 dationem
298 442 331 497 ad¹
338 444 428 484 statum
437 441 545 485 laicalem
560 445 584 484 et
599 442 737 496 prohibente
748 443 885 486 exercitium
896 444 1005 487 ordinum
1014 453 1034 492 3*
1054 476 1056 478 .
1074 485 1079 487 s

166 508 223 550 haec
235 507 331 551 licentia
343 510 422 550 autem
438 520 589 562 nequaquam
602 512 653 551 erat
667 508 792 560 absolutio,
807 510 847 552 sed
858 521 915 552 vera
928 509 1022 563 dispen-

166 573 234 616 satio.
245 573 341 620 Etenim
350 573 502 623 absolutioni,
513 574 528 615 i.
539 588 559 616 e.
571 576 754 629 reassumptioni
763 579 817 629 post
827 579 950 629 peractum
960 579 1021 618 tem-

165 650 209 692 pus
219 640 386 693 poenitentiae,
397 641 524 694 nequidem
534 643 585 682 erat
594 640 667 689 locus,
678 641 795 694 siquidem
806 642 900 684 clericus
911 654 958 685 non
968 654 1021 695 per-

164 704 260 749 tinebat
271 706 308 753 ⁴ad
326 706 421 749 classem
438 707 611 762 poenitentium
624 705 673 760 (1);
691 708 796 761 adeoque
813 711 863 751 erat
873 708 1017 761 dispensatio
1085 755 1090 759 p

164 784 206 823 seu
217 772 330 814 relaxatio
342 772 404 826 legis,
417 785 463 826 qua
475 772 588 821 absolute,
600 773 691 816 ratione
704 773 789 822 delicti,
802 778 826 816 et
836 775 1020 828 independenter

165 838 321 881 ammissione
328 839 464 892 peccativel
471 838 501 881 ab
509 838 657 881 absolutione
673 842 727 892 post
742 842 836 892 tempus
849 839 1018 893 poenitentiae,
1085 884 1088 887 .

163 904 195 952 ,ab
211 905 344 948 exercendis
358 904 480 960 ordinibus
494 908 545 947 erat
560 904 695 958 prohibitus
707 904 747 958 (2).
764 904 811 947 Ubi
825 909 905 952 autem
920 907 1019 950 clericus

164 984 213 1016 non
222 974 318 1014 tantum
328 972 437 1014 redactus
448 974 500 1013 erat
510 972 540 1033 ad
550 974 643 1014 statum
653 972 767 1034 laicalem,
779 972 819 1013 sed
829 972 900 1015 simul
909 973 1018 1016 exclusus

165 1051 179 1081 a
191 1037 360 1088 communione,
373 1050 413 1080 seu
425 1037 535 1091 publicae
546 1038 706 1091 poenitentiae
718 1037 833 1088 addictus,
848 1040 911 1083 ‘tunc
923 1038 1019 1093 quidem
1081 1087 1083 1089 ,

117 1235 119 1237 ’
165 1231 295 1270 Eliberituno
305 1242 309 1267 :
319 1245 326 1265 11
336 1233 357 1269 Si
366 1233 412 1278 quis
421 1232 509 1268 clericus
530 1233 627 1268 detectus
643 1234 708 1268 fuerit
722 1242 796 1281 usuras
812 1235 911 1279 accipere,
929 1234 1010 1279 placuit

163 1299 212 1326 eum
227 1290 343 1334 degradari,
357 1290 375 1324 si
386 1289 452 1325 laicus
466 1291 546 1332 autem,
560 1290 587 1324 ab
602 1289 690 1325 ecclesia
703 1288 736 1324 es't
748 1290 881 1334 proiciendus
890 1305 904 1328 1.
919 1291 949 1327 Cf.
964 1292 1009 1327 ΗΕ-

162 1356 226 1389 rena,
234 1356 252 1384 o.
261 1355 285 1388 1,,
293 1347 309 1381 t.
320 1345 336 1389 I,
344 1346 367 1382 P.
378 1345 394 1389 I,
402 1356 423 1390 p.
432 1346 478 1382 232.
494 1365 521 1371 -
528 1345 563 1381 lta
570 1346 634 1381 etiam
642 1356 689 1382 can.
699 1345 724 1381 17
735 1346 793 1382 Cone.
804 1347 825 1383 N
827 1347 899 1398 icueni,
909 1347 1008 1391 Hiereia,

162 1413 179 1439 o.
190 1413 214 1445 1,,
223 1403 240 1437 t.
252 1401 269 1444 Ι,
279 1402 301 1438 P.
314 1400 330 1443 I,
339 1412 360 1446 p.
370 1402 498 1438 604-605.—
513 1402 572 1438 Cone.
583 1402 708 1444 Sardicense,
720 1411 767 1438 can.
781 1402 800 1444 2,
813 1402 868 1446 ibid,
881 1406 897 1439 t.
910 1402 927 1447 Ι,
944 1405 968 1443 P.
980 1404 1008 1448 II,

162 1469 184 1503 p.
197 1457 293 1494 769-805.
582 1453 583 1456 ’
963 1451 965 1453 ’

189 1515 273 1549 Poenae
285 1514 345 1548 erant
358 1514 459 1556 diversae,
473 1514 523 1558 quia
531 1514 664 1558 poenitentia
675 1514 761 1558 publica
773 1523 815 1549 non
826 1514 940 1561 videbatur
951 1524 1008 1550 com-

162 1571 258 1615 patibilis
271 1578 319 1603 cnm
334 1570 437 1613 dignitate
451 1568 575 1615 clericorum
596 1569 681 1612 (saltem
703 1571 721 1605 si
733 1570 754 1604 in
769 1565 1007 1606 ordinibnsmaioribns

161 1628 222 1661 erant
233 1625 360 1669 constituti),
382 1627 404 1660 et
415 1625 449 1660 lex
462 1634 516 1669 quae
529 1626 705 1669 degradationem,
715 1625 826 1661 statuebat
839 1627 953 1661 videbatur
964 1628 1008 1663 iam
1032 1665 1035 1667 ,

161 1684 213 1718 satis
221 1683 321 1726 rigorosa.
331 1683 488 1717 Tnonnssrnns
499 1681 511 1717 1,
521 1691 544 1724 1.,
554 1691 575 1717 n.
585 1681 617 1718 13.

189 1739 213 1773 In
229 1739 289 1774 Cone.
305 1737 462 1774 Neocaesorcnsi
477 1738 593 1772 statuitur:
608 1737 726 1772 «Sacerdos
741 1737 777 1781 qui
791 1737 831 1773 init
846 1738 1005 1774 matrimonium

159 1795 187 1830 111
200 1793 326 1837 irregularis,
341 1794 377 1837 qui
390 1786 519 1828 adulterium
533 1793 649 1827 committit
663 1793 905 1831 excommunicationem
912 1795 1006 1830 incurrit
1042 1838 1046 1840 ‚

161 1853 183 1886 et
196 1850 330 1885 subiciendus
344 1851 375 1884 est
388 1850 531 1897 poenitentiae
544 1849 648 1894 publicae.
657 1863 665 1881 1
679 1849 779 1891 Hersen,
805 1859 822 1886 o.
838 1859 861 1892 c.‚
885 1853 901 1887 t.
916 1850 932 1892 Ι,
950 1851 973 1889 Ρ,
988 1851 1004 1895 Ι,

159 1917 180 1952 p.
190 1907 236 1942 327.
245 1906 288 1941 Ubi
294 1906 435 1949 irregularitas
448 1905 537 1949 simplex
549 1907 581 1939 est
593 1905 673 1939 511111111
686 1905 821 1949 dispensatio,
833 1906 855 1940 in
867 1906 934 1942 altero
947 1916 1003 1949 casu,

159 1964 247 1999 clericus
259 1970 298 2006 ope
310 1961 449 1996 absolutionis
461 1962 516 1995 redit
528 1962 556 1996 ad
567 1961 739 1995 communionem
750 1952 858 2004 laicorum,
883 1963 919 1996 sed
931 1964 1004 1997 manet
1057 1999 1059 2002 ,

159 2019 279 2063 prohibitus
288 2017 315 2052 ab
325 2018 422 2052 exercitio
432 2018 538 2060 ordinum,
557 2025 611 2061 quae
625 2017 739 2061 prohibitio
753 2016 852 2052 absoluta
860 2017 956 2052 aniertur
965 2027 1004 2063 ope

160 2072 329 2119 dispensationis.
341 2075 370 2109 Et
380 2074 409 2108 sic
430 2073 482 2108 dicit
500 2083 544 2109 can.
557 2073 668 2117 62Ap0st.
689 2083 693 2107 :
711 2072 809 2116 «Siquis
824 2072 930 2110 clericus...
955 2083 1004 2109 oum

159 2131 314 2176 poenitentiam
324 2131 394 2174 egerit,
404 2131 428 2164 ut
441 2129 507 2164 laicus
529 2130 673 2173 recipiatur...»
698 2129 854 2163 Tnonassmus
879 2131 893 2168 1,
904 2140 921 2167 c.
932 2139 953 2166 n.
971 2130 1002 2167 13.

161 2187 216 2222 Item
227 2186 330 2223 statuitur
341 2186 363 2221 in
377 2186 436 2220 Cone.
450 2185 593 2220 Elibaritono:
606 2198 614 2217 11
623 2185 750 2220 Diaconus...
764 2185 814 2220 acta
824 2184 920 2228 legitima
931 2187 1003 2229 poeni-

157 2243 234 2285 tentia,
247 2240 328 2285 placuit
340 2250 388 2275 eum
401 2242 450 2285 post
461 2241 577 2275 trienninm
588 2240 683 2284 accipere
694 2240 715 2275 in
728 2242 898 2275 communionem
906 2254 919 2277 11.

186 2298 216 2343 (1)
230 2298 279 2333 Hoc
287 2296 341 2332 clare
351 2297 428 2332 dicitur
436 2297 459 2331 in
469 2296 529 2332 Cone.
541 2296 697 2339 Carthoqinensi
716 2296 771 2332 V0a.
782 2295 919 2339 254,ca11.3:
934 2298 1001 2334 «Dia-
1034 2294 1036 2296 ’

158 2355 205 2390 coni
219 2353 255 2390 vel
268 2352 392 2398 presbyteri,
408 2353 425 2388 si
439 2363 452 2388 a
467 2353 583 2387 ministerio
598 2352 675 2386 remoti
689 2351 774 2394 luerint,
789 2361 831 2388 non
846 2352 943 2396 indigent
957 2363 1001 2390 ma-

157 2419 225 2446 nuum
236 2409 393 2454 impositione».
408 2408 437 2445 Cf.
450 2409 550 2451 Hennes,
564 2418 583 2445 o.
594 2418 618 2451 1.,
630 2410 646 2444 t.
661 2407 677 2450 Ι,
689 2417 710 2451 p.
724 2407 769 2444 353.
783 2426 811 2434 -—
821 2409 938 2452 8111111111,
950 2419 969 2446 0.
984 2420 1000 2446 c.

156 2477 177 2511 p.
188 2467 220 2502 43.
229 2482 258 2493 -
269 2467 431 2507 Tnonnssnrus,
443 2465 455 2500 l.
465 2475 489 2507 c.,
499 2474 519 2501 n.
530 2464 562 2500 12.
573 2484 600 2490 -
614 2465 761 2507 Vacanuann,
773 2463 785 2499 1.
796 2473 819 2507 1.,
828 2463 866 2500 col.
878 2465 923 2501 160.
970 2499 972 2501 .

106 2531 108 2533 ’
170 2523 199 2567 (2)
208 2523 281 2557 Etiam
290 2516 416 2558 contraillos
427 2521 464 2564 qui
473 2523 548 2557 tenent
554 2521 606 2555 tunc
612 2520 715 2564 temporis
723 2529 761 2564 pro
772 2520 848 2555 clericis
859 2521 881 2556 in
891 2520 999 2557 ordinibus

155 2578 278 2613 constitutis
294 2579 398 2612 exstitisse
414 2577 508 2620 aliquam
525 2577 615 2620 speciem
631 2575 775 2620 poenitentiae
791 2575 864 2620 (quam
881 2577 1000 2612 Thomassi-

157 2634 197 2670 11115
212 2644 232 2670 v.
249 2642 267 2678 g.
283 2636 347 2669 vocat
369 2635 473 2667 secretam
488 2631 522 2668 vel
537 2632 712 2676 semi-publicam,
730 2631 742 2667 l.
759 2641 782 2674 1.,
797 2641 817 2668 n.
834 2632 875 2676 13),
890 2632 949 2668 valet
964 2637 999 2668 ex'-

157 2690 259 2735 plicatio:
280 2690 335 2733 qnia,
356 2688 490 2724 absolutione
503 2689 555 2723 data
566 2689 594 2722 ad
606 2687 744 2722 obtinendam
756 2688 955 2731 reconciliationem,
967 2698 999 2723 re-

157 2745 274 2781 manebant
295 2743 406 2781 clericiilli
419 2737 681 2785 exclusiaiunctionibus
695 2743 764 2778 sacris.
788 2744 818 2778 Et
839 2745 867 2778 511
891 2745 956 2779 etiam
969 2745 999 2780 illi

159 2802 196 2846 qni
207 2800 270 2845 paulo
282 2800 344 2835 aliter
364 2800 472 2845 explicant
484 2800 576 2843 regimen
592 2799 797 2844 disciplinate-circa
809 2800 948 2843 poenitentes,
961 2802 998 2836 ad·
1054 2810 1056 2813 ’

157 2858 248 2893 mittunt
260 2865 379 2892 concessam
391 2857 455 2891 luisse
466 2864 540 2892 veram
553 2856 731 2899 dispensationem
742 2864 785 2889 non
797 2857 870 2890 autem
881 2855 997 2892 absolutio-

156 2923 212 2955 nem,
223 2921 274 2947 casu
285 2922 325 2956 quo
336 2914 357 2948 in
367 2913 404 2948 illa
413 2912 459 2956 lege
468 2912 602 2956 prohibente,
626 2920 652 2946 ex
672 2911 766 2945 utilitate
785 2910 897 2953 Ecclesiae,
910 2913 997 2948 condes-

156 2970 225 3005 censio
237 2968 361 3012 ostenditur,
373 2970 427 3003 sicut
437 2968 519 3003 iactum
540 2969 572 3002 est
590 2976 638 3001 cnm
648 2967 712 3011 lapsis
722 2966 867 3009 reconciliatis,
879 2976 927 3002 cum
938 2968 996 3004 oleri-

156 3028 185 3062 cis
193 3026 222 3061 ad
231 3025 351 3061 Donatismi
359 3024 462 3061 haeresim
470 3023 542 3069 lapsis,
552 3024 592 3060 etc.
603 3023 633 3059 Ci.
644 3023 807 3066 Tnonnssinos,
819 3023 830 3060 1.
841 3033 857 3060 c.
866 3033 887 3060 n.
898 3024 929 3061 15.
