2182 3277
291 347 465 401 couetusro
479 356 594 400 elaris
612 334 769 410 Quantae

32 575 44 578 Ἰ»
128 511 214 555 Restat
229 516 257 555 ut
271 512 354 567 paucis
369 513 499 557 indicemus
514 512 631 567 quantum
647 515 671 555 et
685 513 710 556 in
726 512 812 566 quibus
829 512 952 566 disciplina

98 577 127 620 de
142 579 317 632 dispensatione
332 580 396 633 apud
411 580 579 622 Deeretalistas
592 579 719 632 profecerit
741 579 769 622 ln
783 581 966 633 praenotandis.
1003 581 1028 590 '²

58 658 59 661 ¹
101 646 132 687 ad
142 644 239 688 Partem
250 649 362 701 quartam
373 647 543 699 assignavimus
554 659 615 700 quae
625 646 714 689 fuerint
725 659 808 689 causae
817 646 888 690 huius
898 641 952 700 pro-

98 720 190 764 gressus
201 726 206 753 :
217 713 345 766 applicatio
356 724 441 766 nempe
450 713 523 766 magis
533 712 636 766 rigorose
646 713 703 755 iuris
713 711 823 761 Romani,
834 714 953 767 exigentia
972 709 979 712 ”
994 734 997 736 >
1010 710 1013 732 ³
1030 735 1034 740 ..
1046 709 1059 757 s

43 807 46 809 -
97 778 179 832 praxis
192 772 396 834 dispensatimmm
407 780 432 824 in
446 779 493 821 [lies
505 779 671 832 frequentioris
683 781 707 820 et
718 779 772 822 inde
783 779 890 823 influxus
901 791 952 823 11111-
1004 801 1007 806 ·

98 845 155 887 tuus
170 845 291 888 doctrinae
304 846 328 890 in
344 846 471 887 clecretalcs
496 844 548 885 ΗΒ.
563 844 709 888 Pontificum
724 847 748 885 ct
761 846 913 897 decretalium
926 846 951 890 in
971 896 973 898 ,
1008 858 1015 874 2

101 910 233 955 doctrinam
249 921 263 954 a
278 911 358 954 schola
372 914 498 964 receptam,
513 910 619 954 influxus
635 911 736 964 (lenique
750 911 922 964 theologorum.
979 935 981 937 -

129 976 149 1017 1.
165 976 289 1019 Notionem
312 978 421 1020 strictam
445 992 458 1020 a
479 978 618 1019 Decretistis
641 979 758 1020 statutam
781 977 951 1036 Decretalistae

96 1044 209 1087 retinent.
228 1045 436 1098 Dispensationem
452 1046 532 1088 tamen
548 1047 637 1087 vocant
654 1044 726 1098 quod,
743 1045 802 1098 ipsis
811 1037 961 1095 fatentibus

98 1113 202 1155 nonest
222 1111 374 1165 dispensatio,
395 1111 496 1156 notatim
516 1110 690 1154 absolutionem
709 1124 723 1153 a
741 1112 831 1163 poenis.
851 1111 888 1153 Ex
905 1112 951 1155 hac
1062 1105 1081 1171 s

98 1176 235 1222 confusione
251 1178 326 1220 oritur
342 1179 405 1231 apud
420 1179 534 1231 quosdam
550 1177 719 1229 Decretalistas
734 1176 841 1220 doctrina
856 1191 953 1223 erronea
982 1227 984 1229 ,
1059 1179 1074 1228 f

58 1285 64 1287 ,
97 1243 159 1286 circa
175 1246 321 1298 potestatem
338 1245 499 1298 episcoporum
516 1243 676 1296 dispensandi,
692 1245 785 1297 quoties
800 1243 858 1286 haec
874 1248 952 1298 potes·
1019 1281 1021 1283 ,
1054 1264 1055 1267 =

97 1312 136 1352 tas
148 1309 207 1363 ipsis
220 1304 267 1353 non
282 1312 418 1363 denegatur.

128 1375 198 1418 Ultra
212 1377 345 1420 doctrinam
358 1377 544 1420 Decretistarunr
557 1376 680 1430 progressi,
696 1376 868 1429 atemporibus
882 1363 966 1423 Innoss
1012 1406 1015 1408 -
1068 1399 1083 1413 κ

97 1443 170 1486 ceritii
187 1443 221 1485 lV
237 1444 388 1496 distinguunt
405 1444 604 1497 dispensationem
621 1443 649 1484 al]
667 1442 814 1486 absolutione
830 1443 855 1485 in
870 1444 952 1497 poenis
1020 1439 1022 1441 ’
1043 1441 1045 1443 ’

96 1510 182 1552 saltem
194 1510 375 1555 medicinalibus
387 1513 411 1551 et
424 1510 452 1551 al]
464 1510 661 1570 interpretatione
672 1509 736 1561 logie,
749 1510 807 1552 adeo
819 1513 847 1552 ut
860 1511 953 1564 dispen-
974 1530 976 1532 ’
1018 1526 1021 1529 ·

96 1577 157 1618 satio
173 1577 222 1617 iam
239 1589 286 1620 non
304 1577 397 1619 dicatur
414 1579 481 1618 actus
496 1576 701 1629 interpretationis
718 1577 758 1617 sed
773 1576 959 1621 iurisdictionis..

98 1641 211 1686 Nondum
228 1643 289 1685 clare
307 1642 425 1687 definiunt
453 1642 612 1695 differentiam
628 1642 691 1684 inter
708 1642 907 1695 dispensationem
928 1646 952 1686 et
989 1681 1001 1701 ·.
1027 1673 1029 1675 ψ

94 1708 246 1763 privilegium
259 1711 342 1752 eorrtra
352 1708 397 1753 ius.
411 1707 545 1753 Hodiedunr
559 1708 635 1752 adhuc
647 1720 684 1749 res
696 1706 839 1752 difficultate
851 1720 898 1753 non
909 1703 952 1753 va-

98 1779 146 1818 cat,

23 1863 24 1866 =
46 1831 48 1834 ⁵
71 1870 72 1873 =
126 1841 147 1883 2.
167 1837 249 1883 Varios
263 1841 350 1896 species
363 1841 565 1895 dispensationum
579 1842 644 1895 quod
658 1841 753 1889 attinet,
768 1852 822 1883 cum
835 1841 952 1885 Decretis·
976 1881 980 1884 ,

96 1908 129 1950 tis
142 1909 344 1963 dispensationem
358 1908 464 1952 [lenitam
477 1911 614 1963 agnoscunt
626 1908 711 1961 inqua
725 1908 859 1951 delinienda
870 1911 951 1953 tamen
963 1913 974 1941 s
1011 1928 1021 1932 ν
1087 1905 1089 1907 ’

95 1987 143 2019 non
159 1975 317 2020 consentiunt
335 1973 429 2017 Novam
446 1975 583 2018 divisionem
598 1975 716 2017 inducunt
732 1974 912 2027 dispensationis
927 1976 951 2019 in
977 1996 981 2018 2

95 2053 230 2095 expressam
238 2042 376 2090 ettacitam,
384 2041 421 2084 cui
429 2042 576 2086 connectitur
583 2039 713 2094 disputatio
723 2040 749 2081 de
757 2040 951 2085 dissimulatione.
1006 2063 1009 2089 5
1026 2027 1067 2089 ‚as

76 2111 82 2116 ’“
94 2107 237 2157 Hostiensis,
251 2110 275 2150 et
295 2108 466 2151 Decretalistae
485 2108 526 2163 qui
548 2119 601 2150 eunt
622 2106 742 2150 subsecuti
762 2110 826 2156 sunt,
849 2108 951 2153 reiciunt

95 2174 300 2234 dispensationem
321 2175 423 2217 tacitam
446 2177 469 2216 et
491 2185 625 2228 expressam
647 2174 961 2228 requirunt,verisimiliter>

94 2243 123 2284 ut
134 2243 324 2294 praecaveantur
336 2240 424 2293 abusus
437 2241 605 2294 episcoporum,
619 2239 661 2293 qui
672 2240 747 2282 tacite
759 2239 809 2284 sine
821 2253 892 2284 eausa
904 2240 953 2284 suf·
966 2274 968 2276 ,
981 2279 984 2283 ,
995 2272 1007 2282 -,

90 2307 185 2353 licienti
193 2307 219 2353 in
228 2303 493 2368 legibus'ecclesiasticis
503 2305 680 2360 dispensabant.
699 2305 764 2349 Haec
772 2307 849 2350 tacita
859 2308 951 2361 dispen-
1006 2351 1008 2353 .
1022 2330 1025 2333 ’
1088 2329 1090 2331 ·

94 2375 155 2427 satio
165 2374 237 2416 hodie
247 2375 394 2423 admittitur,
405 2373 515 2428 quamvis
524 2372 552 2416 de
562 2386 589 2415 ea
598 2372 667 2416 sileat
677 2372 755 2414 Codex
764 2373 825 2415 luris
835 2375 949 2423 canonici,
1006 2414 1008 2416 ,
1041 2418 1045 2421 Δ
1061 2394 1073 2401 ··

94 2441 165 2484 modo
176 2441 239 2484 adsit
247 2443 361 2485 voluntas
372 2441 523 2494 dispensandi
533 2439 666 2493 superioris.

124 2508 145 2550 3.
165 2507 265 2550 Causam
281 2507 464 2561 dispensationis
479 2518 532 2550 curn
548 2506 750 2566 Decretistisiam
764 2517 812 2549 non
826 2507 952 2561 requirunt
1034 2510 1042 2530 ²

92 2574 150 2628 boni
173 2575 311 2619 communis.
336 2574 441 2617 Ulterius
462 2572 584 2627 progressi,
608 2572 778 2616 Decretali'stae
801 2572 951 2627 distinguunt
982 2571 984 2573 ’
1007 2573 1008 2576 ’

95 2655 179 2686 causas
188 2642 328 2694 impulsivas
340 2643 364 2683 et
374 2641 478 2683 motivas
489 2644 511 2683 et
521 2641 565 2683 has
577 2640 688 2683 dividunt
698 2640 722 2683 in
735 2639 872 2693 similieiter
881 2642 951 2684 indu-

93 2711 173 2752 centes
189 2708 390 2761 dispensationem
405 2710 429 2750 et
443 2707 542 2750 maiores
557 2720 597 2749 seu
612 2718 723 2750 summas.
740 2706 851 2750 Gravitas
865 2702 961 2754 causac·
978 2722 980 2724 ’

90 2775 150 2829 ipsis
167 2778 203 2817 est
220 2775 281 2818 ratio
301 2763 443 2828 agnoscendi
461 2774 575 2827 episcopis
592 2775 738 2828 potestatem
756 2772 914 2826 dispensandi.

127 2841 281 2887 Dissentiunt
303 2840 474 2885 Decretalistae
496 2841 557 2883 circa
577 2840 743 2895 quaestionem
765 2853 778 2883 a
811 2839 950 2883 Decretistis
1033 2835 1036 2837 ’
1083 2842 1084 2845 ’

92 2909 211 2963 omissam.
225 2911 306 2951 utrum
318 2908 399 2952 valida
412 2907 444 2949 sit
457 2898 600 2963 dispensatio
613 2906 739 2961 pontificia
751 2907 800 2960 sine
813 2918 883 2961 causa
895 2920 949 2950 con-
